2826 4336
182 299 333 364 (turbt-dt]
541 323 544 328 “
564 307 661 362 LIBER
677 307 844 362 surtinus
875 345 877 356 .
1169 303 1228 362 Iffi

180 451 328 510 tormentis
352 449 410 508 tela
436 443 642 526 conjiciuntur.
687 451 727 510 m
749 449 1175 512 nuncupatoriam

179 543 254 610 nius,
271 541 367 617 legati,
383 540 490 616 quibus
503 559 556 598 eae
576 551 672 616 partes
694 541 729 600 ad
752 533 968 610 defendendum
990 543 1175 614 obvenerant,

179 649 237 708 qua
251 651 287 688 ex
302 640 383 708 parte
398 639 509 688 nostros
524 631 615 707 premi
638 629 867 701 intellexerant,
865 632 903 690 ils
918 631 1030 690 auxilio
1043 648 1080 690 ex
1102 634 1173 696 ulta

179 721 303 778 rioribus
317 720 445 778 castellis
460 720 599 778 deductos
613 720 879 779 submittebant-¹

218 809 371 868 LXXXII.
395 807 474 866 Dum
493 809 608 892 longius
627 811 663 870 ab
682 810 841 870 munitione
858 811 980 869 aberent
992 811 1088 882 Gelu,
1109 760 1206 888 plusb

175 899 362 958 multitudiue
385 899 511 957 telorum
532 899 736 976 proficiebant.
759 909 944 976 posteaquam
970 903 1085 980 propius
1107 907 1173 959 sno·

178 1000 336 1060 cesserunt,
357 1001 407 1048 out
425 1010 458 1048 se
478 990 534 1068 ipsi
552 989 678 1047 stimulis
696 991 877 1067 inopInantas
895 991 1060 1060 induebant,
1072 1003 1126 1050 'aut
1144 993 1174 1060 in

177 1082 294 1140 scrobes
304 1081 414 1157 delapsi
425 1077 696 1150 transfodiebantur,
708 1091 759 1139 aut
768 1099 805 1138 ex
814 1081 894 1138 vallo
904 1091 932 1140 et
942 1083 1071 1140 turribus
1079 1094 1173 1144 trans·

174 1171 245 1248 jecti
261 1173 327 1248 pilis
342 1171 506 1229 muralibus
527 1171 692 1228 interibant.
736 1167 838 1228 Multis
856 1171 985 1248 undiquc
1004 1173 1174 1229 vulneribus
1229 1217 1232 1226 .

178 1263 314 1337 acceptis,
329 1259 412 1318 nulla
426 1259 585 1318 munitione
600 1269 747 1338 perrupto,
761 1276 856 1336 quum
873 1259 924 1316 lux
940 1269 1096 1336 appeteret,
1110 1279 1173 1318 rer:
1189 1263 1226 1316 10

178 1351 218 1419 iti,
233 1369 270 1407 ne
286 1352 322 1406 ab
335 1351 425 1407 latere
445 1359 543 1430 operto
557 1336 593 1408 eri
613 1349 811 1426 superioribus
829 1349 934 1406 castris
949 1351 1099 1424 eruptione
1118 1351 1173 1408 clr.

177 1441 795 1519 cumvenirentur,scodsuosrcpeperunts
827 1439 870 1498 At
879 1440 1041 1522 interiores,
1050 1440 1172 1511 dumea,
1221 1463 1229 1474 .
1281 1481 1286 1489 .

178 1547 253 1606 quac
268 1549 285 1588 a
299 1527 537 1608 Vercingetorige
552 1529 589 1588 ad
608 1531 789 1608 eruptionem
808 1538 1045 1606 preparaverant,
1065 1529 1174 1607 pratea

176 1628 241 1690 unt,
266 1621 374 1697 priores
398 1617 489 1676 fossas
512 1621 648 1697 explent3
679 1620 789 1678 dlutius
812 1621 843 1676 io
867 1621 905 1677 iis
928 1619 1015 1677 rebus
1039 1621 1172 1679 adrninis-

178 1711 288 1768 trandis
298 1711 414 1779 morati,
431 1709 512 1786 prius
527 1729 594 1768 snos
607 1709 774 1771 discessisse
789 1719 993 1788 cognoverunt,
999 1728 1095 1787 quam
1109 1731 1171 1770 mu·
1185 1709 1225 1772 15
1259 1711 1262 1717 ’

178 1799 333 1860 ultionibus
354 1799 627 1876 appropinquarent
669 1799 721 1871 lta,
737 1816 768 1859 re
790 1800 930 1872 Infecta,
921 1818 952 1858 1n
972 1801 1107 1916 oppidum
1129 1816 1171 1862 ra·

177 1898 336 1946 verterunt
1262 1921 1265 1926 ’

177 1977 386 2037 LXXXIII.
410 1976 461 2036 Bis
482 1997 588 2055 magno
608 1995 677 2041 cum
691 1979 861 2040 detrimento
877 1981 986 2060 repulsi
1000 1979 1093 2052 Gelli
1089 1983 1173 2060 quid
1230 1967 1241 2042 .’

179 2077 277 2146 agant,
291 2068 464 2126 consuluntr
485 2067 616 2125 locorum
640 2072 744 2144 peritos
765 2071 917 2131 adhibent:
940 2073 1042 2130 abhis
1063 2075 1171 2149 superi

177 2175 262 2215 orum
287 2167 464 2216 castrorum
472 2157 544 2214 situs
567 2159 797 2234 munitionesque
821 2172 1009 2239 cognoscunt.
1037 2162 1132 2222 Erat.
1153 2165 1225 2222 aad
1326 2145 1331 2156 ¹

106 2261 116 2280 ·
179 2248 429 2324 septentrionibus·
440 2245 532 2315 collis,
548 2265 634 2323 quem
650 2257 764 2323 propter
774 2251 1007 2326 magnitudinem
1019 2252 1178 2317 circinus
1239 2247 1242 2252 ’

176 2354 265 2442 opere
280 2336 481 2414 circumplecti
495 2355 552 2393 non
573 2347 728 2414 potuerant
746 2341 843 2406 nostri,
859 2341 1079 2414 necessarioque
1100 2357 1173 2416 pane
1276 2401 1279 2414 ¹

176 2427 278 2503 iniquo
302 2425 375 2494 loco,
400 2435 429 2484 et
452 2423 558 2484 leniter
581 2424 697 2493 declivi,
723 2435 819 2482 nostra
841 2425 986 2484 ‘fecerant
1029 2425 1112 2486 Haec
1135 2430 1170 2485 t).

180 2517 325 2574 Antistius
353 2513 495 2593 Regium,
524 2523 552 2573 ct
579 2515 614 2572 C.
643 2513 785 2572 Caninius
819 2513 951 2583 Rebilus,
979 2517 1077 2591 legen,
1104 2533 1172 2574 oum

176 2605 293 2663 duabus
320 2605 483 2682 legionibus
509 2604 688 2662 obtinebant.
739 2601 867 2678 Cognitis
894 2618 961 2680 psr2
979 2605 1224 2680 exploratores&

179 2697 355 2772 regionibus,
364 2695 454 2752 duces
469 2695 592 2751 hostium
609 2711 648 2751 nx
662 2691 754 2750 millia
763 2709 800 2748 ex
815 2693 892 2750 omni
906 2708 1028 2752 numero
1040 2693 1172 2772 deligunt
1233 2765 1236 2770 Ι

130 2829 135 2844 .
178 2804 281 2842 aarum
306 2786 465 2854 civitatum,
488 2784 742 2859 queemaximem
765 2781 880 2838 virtutis
903 2783 1063 2858 opitrionem
1085 2785 1171 2847 habe·

174 2875 269 2946 'bant;
291 2874 369 2950 quid,
385 2890 500 2950 quoque
516 2883 599 2950 pacto
621 2871 673 2948 agi
691 2871 815 2949 placant,
830 2871 944 2928 occulte
965 2873 1039 2930 inter
1058 2892 1090 2933 so
1105 2893 1170 2934 con·-

178 2965 321 3038 stituunt3
345 2961 469 3020 adcundi
491 2972 605 3038 ternpus
625 2961 774 3031 definiunt,
790 2978 881 3038 quum
903 2961 1036 3022 meridies
1052 2983 1115 3024 esse
1130 2969 1170 3024 vl.

178 3051 292 3111 dentur.
343 3051 382 3111 lis
410 3052 500 3130 copiis
524 3052 785 3128 Vergasillaunum
812 3051 992 3122 Arvemnm,
1017 3067 1107 3136 unum
1134 3065 1223 3120 exat

173 3153 303 3218 ¹quatuor
322 3141 454 3211 ducibus,
480 3141 673 3217 propinquum
700 3140 958 3219 Vercingetorigis,
987 3145 1168 3219 praeficiunt.

178 3231 232 3290 Illa
257 3251 293 3290 ex
318 3233 421 3289 castris
444 3229 538 3307 prima
562 3227 662 3305 vigllia
685 3247 829 3306 egressus,
853 3233 1095 3307 prope-contento
1117 3235 1172 3292 sub

178 3319 277 3378 lucem
299 3312 411 3389 itinere,
426 3329 488 3396 post
508 3319 636 3378 ,montem
650 3333 681 3376 se
695 3319 869 3390 occultavit,
877 3321 1041 3397 militesque
1052 3339 1089 3378 ox
1104 3338 1170 3380 noc-

178 3417 263 3466 turno
277 3409 376 3466 labore
391 3427 458 3466 sese
469 3406 590 3466 relicere
601 3407 697 3484 jussit.
739 3408 842 3474 Quum
852 3409 914 3484 jam
928 3409 1062 3468 meridies
1071 3427 1169 3483 appro-

172 3498 320 3577 pinquare
338 3497 495 3567 videretur,
515 3497 553 3554 ad
573 3515 609 3554 co
629 3505 735 3566 castra,
757 3515 834 3573 qnae
854 3515 942 3574 supro
954 3497 1168 3553 demonstrari.
1182 3503 1221 3558 35

178 3604 253 3656 mus,
268 3583 431 3644 contendit:
452 3583 611 3662 eodemque
630 3595 758 3662 ternpore
780 3588 925 3661 equitatus
945 3583 981 3641 ad
993 3593 1170 3656 campestres

178 3675 352 3734 munitiones
367 3673 695 3751 accusanturque
704 3676 806 3751 copiae
820 3689 884 3731 sese
898 3689 949 3747 pro
963 3670 1066 3730 oschis
1078 3677 1169 3730 osten-

177 3763 248 3822 dere
262 3771 429 3841 coeperunt.

219 3849 388 3912 LXXXIV.
430 3851 662 3930 Verolngetorlr,
672 3865 710 3916 ez
724 3865 796 3910 asoa
807 3796 928 3906 Itoniae
941 3863 1013 3908 suos
1022 3845 1169 3924 conspice.
