2804 4312
196 315 241 376 68.
542 321 864 370 nnnmrocnnmoo.
1125 321 1235 375 [cm

247 461 322 537 quod
344 459 549 537 intelligebant,
572 461 713 518 meximes
734 460 872 542 nationes,
891 477 967 535 quse
991 457 1098 536 proelio
1121 467 1237 518 conten·

247 551 362 621 dissent,
384 550 481 627 pulses
502 561 707 627 superatasque
735 569 807 619 esse,
832 550 1067 624 continentesque
1088 547 1177 608 silves
1201 567 1236 608 ec

247 639 366 716 paludes
394 640 544 709 habebunt,
572 660 607 697 eo
633 659 664 696 se
691 657 802 714 sueque
828 639 926 696 omnis
950 637 1142 694 contulerunt.
1187 636 1236 695 Ad

247 748 370 805 querum
385 730 498 786 initium
509 729 648 786 silvarum
666 747 757 804 quum
766 728 875 786 Caesar
886 728 1071 804 pervenisset,
1083 735 1236 802 castraque

215 823 234 878 b
248 819 360 878 munire
375 819 551 887 instituisset,
567 837 661 894 neque
675 818 763 874 bostis
780 817 895 875 interim
909 817 989 874 visus
1002 825 1086 884 esset,
1101 813 1236 891 dispersis

247 907 277 964 in
291 927 375 984 opere
389 909 502 977 nostris,
517 908 611 965 subito
629 927 666 965 ex
688 908 820 966 omnibus
842 905 970 982 portibus
991 906 1082 964 silvee
1103 905 1235 962 evolave-

247 1005 323 1067 runt,
338 998 410 1056 etin
424 1006 535 1054 nostros
553 998 692 1072 impetum
713 994 853 1054 fecerunt
894 993 993 1052 Nostri
1007 995 1141 1052 celeriter
1155 1011 1236 1058 arms

247 1097 396 1162 ceperunt,
412 1105 519 1161 eosque
540 1087 569 1142 in
591 1087 679 1144 silves
700 1084 886 1161 repulerunt3
918 1093 956 1152 et,
977 1083 1173 1160 compluribus
1192 1083 1235 1140 in·

248 1176 385 1246 terfectis,
400 1177 514 1254 longius
534 1176 761 1254 impeditioribus
781 1174 854 1249 locis
874 1175 976 1243 secuti,
992 1191 1099 1250 peuces
1119 1190 1156 1230 ex
1176 1174 1236 1230 suis

199 1269 236 1325 10
249 1264 481 1342 deperdiderunt.
1006 1253 1008 1256 ¹

290 1355 399 1413 xxlrn
433 1353 565 1432 Reliquis
588 1354 724 1430 deinceps
746 1351 858 1424 diebus,
875 1353 984 1412 Caesen
1005 1352 1093 1410 silves
1115 1350 1236 1409 caedere

165 1522 170 1532 ι
248 1445 388 1516 instituit3
411 1454 448 1514 et,
470 1445 592 1519 nequis
613 1444 772 1502 inermibus
792 1441 1077 1518 imprudentibusque
1099 1440 1237 1498 militibus

249 1533 285 1589 ab
299 1533 388 1590 latere
409 1533 532 1607 impetus
552 1532 616 1588 fieri
637 1541 739 1606 posset,
760 1549 873 1588 omnem
896 1549 961 1587 eam
988 1531 1147 1598 materiem,
1162 1547 1237 1604 quse

247 1629 310 1676 eret
324 1638 420 1687 occsa,
435 1637 604 1676 conversam
620 1619 656 1675 ed
677 1620 785 1676 bostem
806 1618 974 1686 collocabat,
989 1627 1018 1674 et
1038 1614 1179 1692 provallo
1201 1617 1238 1676 ed

199 1710 234 1766 15
249 1717 403 1781 utrumque
431 1705 507 1762 letus
534 1707 709 1792 exstruebat.
765 1704 930 1763 incredibili
957 1704 1104 1762 celeritate
1131 1723 1239 1781 magno

176 1857 179 1862 ¹
247 1795 338 1869 spetic
351 1793 452 1869 paucis
465 1792 567 1850 diebus
577 1791 715 1862 coniecto,
727 1811 818 1868 quum
828 1793 890 1867 jem
903 1811 993 1868 pecus
1006 1801 1092 1868 etque
1106 1802 1239 1852 extreme

247 1881 451 1957 impedimenta
472 1880 625 1938 abnostris
646 1889 821 1949 tenerentur,
837 1881 891 1956 ipsi
911 1880 1058 1938 densiores
1078 1880 1168 1939 silves
1189 1902 1237 1959 pe.

247 1978 348 2038 terent,
364 1969 503 2044 ejusmodi
517 1977 699 2044 tempestates
713 1979 781 2026 sunt
799 1979 982 2040 consecutae,
997 1971 1040 2028 uti
1051 1990 1123 2047 opus
1137 1989 1237 2029 neces-

247 2057 323 2115 sario
337 2057 572 2116 intermitteretur
581 2075 590 2128 3
612 2067 649 2128 et,
668 2059 880 2116 continuatione
900 2059 1045 2132 imbrium,
1061 2059 1169 2118 diutius
1183 2062 1238 2120 sub

195 2155 234 2210 20
247 2145 372 2223 pellibus
384 2146 492 2203 milites
505 2146 646 2204 contineri
660 2165 716 2204 non
731 2156 854 2222 possent.
896 2146 1005 2224 Itoque,
1015 2149 1133 2206 vastetis
1146 2151 1237 2206 omni-

249 2237 301 2296 bus
315 2253 415 2293 eorum
424 2236 511 2311 egris,
521 2235 595 2292 vicis
605 2236 801 2311 aedificiisque
815 2236 948 2305 incensis,
957 2236 1066 2294 Caesar
1074 2238 1238 2296 exercitum

247 2324 379 2397 reduxit3
402 2334 431 2381 et
444 2325 474 2380 in
485 2323 624 2382 Aulercis
637 2323 840 2400 Lexoviisque,
851 2325 970 2401 reliquis
980 2325 1048 2382 item
1062 2326 1237 2396 civitatibus,

246 2433 321 2491 quae
336 2414 464 2491 proxime
479 2413 588 2472 bellurn
603 2413 739 2484 fecerent,
751 2413 781 2472 in
795 2413 922 2472 hibernis
932 2413 1097 2472 collocavit.
