2826 4336
233 311 363 364 σιω-4.]
620 309 717 358 arnna
734 309 901 358 summus.
1225 311 1281 373 131

234 449 399 520 videbatur,
415 449 547 514 Retineri
570 449 681 506 urbano
700 459 779 514 motu
800 448 967 520 Caesarem,
981 465 1077 528 neque
1098 453 1129 510 in
1148 455 1234 513 tantis

233 539 464 598 dissensionibus
492 535 529 596 ad
556 539 717 614 exercitum
745 539 844 595 venire
873 557 966 614 posse.
1006 539 1089 616 ,Hac
1116 542 1234 620 impulsi

228 631 396 704 ,occasione
412 630 463 704 qui
482 629 543 704 jam
564 638 631 686 ante
645 647 677 686 se
692 627 794 704 Populi
809 627 933 686 Romani
947 630 1068 706 imperio
1089 631 1234 706 subjectos

233 719 372 790 dolerent,
389 719 510 776 liberius
524 728 609 795 atque
625 717 766 774 audacius
786 717 821 774 de
843 717 921 775 bello
938 719 1060 778 consilia
1073 720 1147 778 inire
1161 722 1233 779 inci·

234 808 327 886 piunt.
369 807 488 868 indictis
499 807 573 864 inter
582 826 614 864 se
624 807 769 882 principes
780 805 895 875 Galliae
906 808 1039 866 conciliis
1052 809 1262 874 silvestribusb

235 915 272 956 ac
287 898 402 956 remotis
416 897 488 954 locis
508 906 672 974 queruntur
692 896 728 952 de
750 897 879 954 Acconis
898 907 1008 958 morte:
1030 898 1110 958 hunc
1129 917 1234 958 casum

234 985 269 1044 ad
285 987 361 1062 ipsos
376 986 506 1044 recidere
521 1005 603 1062 posse
623 984 837 1044 demonstrant:
859 987 1036 1046 miserantur
1048 989 1235 1051 communem

234 1074 351 1134 Galliae
380 1073 540 1133 fortunam:
576 1074 708 1132 omnibus
742 1069 995 1150 pollicitationibus
1027 1095 1062 1134 ac
1097 1080 1234 1154 praemiis

233 1163 402 1240 deposcunt,
421 1164 472 1240 qui
495 1163 564 1220 belli
588 1163 703 1222 initium
726 1155 845 1232 fa'ciant,
865 1173 893 1222 et
913 1165 959 1221 sui
980 1165 1083 1240 capitis
1103 1167 1234 1241 periculo

235 1253 364 1310 Galliam
383 1253 414 1311 in
436 1252 599 1310 libertatem
619 1240 775 1310 vindicent.
819 1251 894 1327 Ejus
916 1253 947 1308 in
969 1253 1070 1328 primis
1093 1255 1233 1312 rationem
1245 1261 1282 1318 tc

233 1341 398 1399 habendam
412 1341 521 1411 dicunt,
537 1341 707 1418 priusquam
721 1359 822 1400 eorum
836 1339 1017 1398 clandestina
1031 1341 1151 1400 consilia
1166 1341 1233 1400 effe.

235 1441 346 1500 rantur,
362 1441 394 1488 ut
407 1431 517 1488 Caesar
532 1431 568 1488 ab
583 1432 716 1488 exercitu
736 1429 958 1489 intercludatur.
1001 1429 1034 1488 ld
1051 1451 1113 1488 esse
1136 1431 1232 1504 facile,

234 1520 310 1596 quod
325 1539 420 1596 neque
434 1520 572 1598 legiones,
585 1520 702 1578 absente
716 1521 898 1595 imperatore,
915 1517 1040 1576 audeant
1054 1539 1091 1578 ex
1105 1519 1234 1580 hibernis

157 1643 168 1662 1
235 1610 355 1688 egredi3
378 1630 474 1688 neque
489 1613 645 1687 imperator
658 1611 720 1668 sine
731 1609 873 1688 praesidio
887 1607 925 1668 ad
939 1610 1067 1688 legiones
1081 1614 1233 1688 pervenire

235 1701 344 1776 possit3
367 1710 509 1777 postremo
530 1701 560 1757 in
581 1701 645 1758 acie
667 1710 813 1778 praestare
827 1700 962 1770 interfici,
981 1719 1069 1776 quam
1083 1719 1140 1759 non
1156 1703 1282 1760 vete-15

237 1806 298 1845 rem
313 1789 382 1847 belli
395 1790 519 1866 gloriam
527 1789 755 1864 libertatemque,
766 1806 854 1864 quam
863 1809 880 1846 a
889 1789 1046 1864 majoribus
1057 1791 1232 1868 acceperint,

236 1895 423 1954 recuperare.

275 1967 314 2026 II.
344 1967 400 2026 His
424 1968 512 2026 rebus
537 1968 661 2045 agitatis,
688 1961 857 2044 profitentur¹
879 1967 1032 2039 Carnutes,
1057 1969 1096 2026 Se
1117 1969 1233 2028 nullum

236 2057 400 2134 periculum
422 2059 585 2115 communis
607 2055 711 2117 salutis
732 2075 823 2114 causa
844 2061 1003 2136 ¹recirsare;
1030 2057 1233 2134 principesque

235 2165 274 2204 ex
288 2146 419 2204 omnibus
433 2146 543 2204 bellum
552 2145 679 2219 facturos
693 2145 884 2226 pollicentur3
909 2158 946 2216 et,
955 2149 1092 2222 quoniam
1106 2147 1137 2204 in
1151 2165 1232 2224 prae·
1244 2151 1282 2208 2⁰

235 2235 330 2292 sentia
342 2235 488 2292 obsidibus
501 2253 608 2294 cavere
629 2235 704 2292 inter
717 2254 748 2292 se
763 2253 819 2292 non
833 2237 949 2312 possint,
965 2254 1001 2292 ne
1016 2254 1063 2292 res
1083 2234 1230 2306 efferatur,

237 2332 268 2380 ut
284 2323 475 2400 jurejurando
496 2343 531 2382 ac
552 2323 609 2382 fide
627 2324 785 2394 sanciatur,
801 2334 909 2400 petunt,
925 2323 1038 2382 collatis
1058 2324 1232 2382 militaribus

235 2413 336 2489 signis,
351 2415 422 2490 (quo
435 2431 515 2472 more
534 2431 634 2472 eorum
655 2413 846 2490 gravissimae
869 2413 1062 2470 caerimoniae
1085 2413 1230 2470 continen-

235 2502 308 2576 tur,)
333 2521 379 2572 ne,
405 2501 480 2561 facto
504 2502 585 2560 initio
609 2503 687 2571 belli,
714 2503 750 2560 ab
775 2502 894 2576 reliquis
918 2501 1099 2558 deserantur.
1142 2499 1231 2569 Tum,
1280 2549 1288 2562 .

236 2592 408 2651 collaudatis
431 2592 616 2664 Carnutibus,
642 2592 708 2650 dato
734 2589 924 2668 jurejurando
952 2587 988 2646 ab
1011 2589 1153 2658 omnibus,
1181 2588 1284 2666 quitto

237 2681 365 2752 aderant,
381 2692 507 2759 tempore
522 2683 587 2758 ejus
601 2683 644 2741 rei
658 2682 821 2750 constituto,
837 2680 873 2737 ab
887 2678 1011 2737 concilio
1024 2677 1190 2736 disceditur.

276 2771 328 2831 111.
362 2771 419 2831 Ubi
440 2792 476 2830 ea
495 2771 557 2830 dies
578 2772 665 2842 venit,
681 2772 833 2840 Carnutes,
855 2769 976 2828 Cotuato
1001 2777 1029 2826 et
1049 2765 1234 2826 Conatodunc

236 2863 369 2934 ducibus,
384 2863 542 2940 desperatis
562 2864 737 2933 hominibus,
753 2862 907 2922 Genabum
921 2861 987 2919 dato
1007 2859 1090 2937 signo
1111 2877 1231 2918 concur-

237 2962 324 3026 runt;
346 2953 484 3028 civesque
498 2952 653 3024 Romanos,
673 2953 724 3028 qui
743 2951 1019 3030 negotiandicausa
1039 2949 1080 3008 ibi
1101 2951 1231 3008 constite-

237 3053 310 3113 rant,
325 3043 356 3102 in
370 3042 415 3100 his
428 3041 463 3100 C.
480 3041 603 3101 Fusium
617 3042 721 3112 Citam,
737 3041 888 3099 honestum
910 3041 1037 3116 equitem
1059 3039 1231 3112 Romanum,
1244 3045 1285 3104 30

236 3133 288 3208 qui
312 3132 355 3190 rei
380 3130 588 3191 frumentariae
608 3132 693 3208 jussu
718 3132 852 3189 Caesaris
876 3141 1019 3208 praeerat,
1046 3131 1232 3198 interficiunt,
1268 3207 1272 3212 ι

238 3222 369 3298 bonaque
390 3241 492 3282 eorum
513 3221 662 3298 diripiunt.
704 3220 847 3280 Celeriter
862 3220 898 3278 ad
911 3240 1012 3279 omnes
1033 3220 1148 3279 Galliae
1162 3219 1232 3276 civi·

228 3321 310 3378 ‚tates
325 3308 402 3370 fama
417 3310 561 3388 perfertur
573 3330 582 3383 ;
605 3309 697 3388 (nam,
713 3310 763 3370 ubi
777 3311 868 3387 major
882 3321 968 3386 atque
979 3308 1119 3367 illustrior
1133 3307 1235 3366 incidit

238 3420 294 3472 res,
320 3403 447 3462 clamore
469 3420 521 3478 per
545 3419 630 3479 egros
654 3401 844 3478 regionesque
868 3401 1052 3478 significant3
1083 3398 1162 3454 hunc
1184 3393 1234 3452 alii

237 3489 375 3568 deinceps
397 3491 554 3568 excipiunt,
579 3501 614 3558 et,
633 3491 770 3567 proximis
794 3489 929 3560 tradunt3
953 3497 984 3544 ut
1007 3497 1070 3544 tum
1094 3479 1234 3556 accidire)
1248 3481 1287 3540 35

238 3599 316 3651 nam,
338 3599 415 3657 quae
441 3580 556 3640 Genabi
579 3581 689 3640 oriente
714 3580 775 3638 sole
794 3589 876 3656 gesta
897 3584 1002 3642 essent,
1024 3582 1090 3630 ante
1111 3570 1235 3647 primam

232 3669 402 3728 confectam
416 3670 546 3746 vigiliam
560 3671 590 3730 iu
604 3670 710 3728 finibus
725 3671 927 3726 Arvernorum
942 3661 1040 3718 audite
1053 3668 1138 3724 sunt:
1159 3655 1237 3733 quod

238 3760 365 3838 spatirrm
378 3767 422 3816 est
436 3759 561 3818 millium
575 3761 691 3818 circiter
701 3775 768 3818 ccx.

238 3903 241 3928 ε
261 3897 264 3902 ,
279 3848 334 3908 lV.
356 3847 452 3908 Simili
466 3849 576 3908 ratione
592 3850 632 3908 ibi
646 3843 880 3922 Vercingetorix,
894 3837 1004 3898 Celtilli
1022 3837 1110 3911 fitius,
1125 3837 1236 3900 Arver-
