2804 4312
191 279 235 336 ,Ἡ
546 280 590 326 DE
609 279 715 326 BELLO
734 277 876 324 Gnnntcc
1117 278 1230 330 [cata

242 421 280 490 id,
295 421 371 497 quod
391 429 476 479 antea
497 417 603 494 petenti
625 417 803 492 denegasset,
827 415 903 472 ultro
926 413 1128 489 polliceretur;
1151 433 1230 492 mag.

241 527 367 586 namque
382 510 411 565 in
425 526 506 583 sporn
520 506 663 574 veniebat,
678 523 729 580 pro
749 505 811 561 suis
830 505 918 561 tantis
932 504 1091 580 Populique
1107 503 1231 564 Romani

240 599 271 655 in
285 615 354 655 eum
365 595 525 665 beneficiis,
540 594 737 671 cognitisssuis
759 594 916 669 postulatis,
933 591 1001 662 sore,
1016 595 1058 650 uti
1072 595 1231 670 pertinacia

241 686 400 743 desisteret.
442 683 513 742 Dies
540 685 683 759 colloquio
710 683 804 740 dictus
832 693 884 753 est,
908 701 945 740 ax
967 701 1002 740 eo
1029 682 1075 740 die
1099 685 1228 760 quintus.

209 781 228 834 5
241 773 369 844 Interim,
384 793 475 850 quum
489 793 574 849 saepe
589 772 664 854 ultro
678 774 808 849 citroque
822 773 911 849 legati
925 773 1064 830 intereos
1084 773 1230 830 mitteren-

240 874 297 933 tur,
313 863 480 922 Ariovistus
494 861 721 938 postulavique
743 879 831 937 quem
851 861 975 937 peditem
996 860 1032 918 etl
1051 861 1230 937 colloquium

205 997 209 1002 .
240 953 350 1012 (laesor
364 953 537 1010 adduceret:
559 954 655 1012 vereri
669 971 710 1022 se,
731 971 767 1009 nc
787 966 840 1027 pcr
858 951 977 1011 insidias
996 941 1033 1008 ab
1051 970 1085 1008 co
1106 953 1230 1008 circum·

240 1043 405 1100 veniretur:
427 1053 626 1118 uterquecum
640 1043 770 1118 equitatu
782 1041 911 1098 veniret:
933 1039 991 1098 alia
1006 1041 1117 1098 ratione
1131 1059 1230 1118 senon
1308 1100 1311 1105 .

240 1149 304 1188 esse
319 1143 484 1189 venturum.
527 1132 644 1201 Cacsar,
660 1131 735 1207 quod
749 1149 843 1207 neque
864 1129 1050 1205 colloquium,
1066 1129 1231 1206 interposita

189 1225 227 1280 10
241 1239 340 1292 causa,
355 1222 417 1280 tolli
430 1222 554 1290 volebat,
569 1240 664 1296 neque
685 1220 809 1278 salutem
829 1237 913 1280 suam
934 1218 1087 1276 Gallorum
1100 1219 1231 1294 equitatu

240 1311 419 1370 committere
442 1311 574 1384 audehat,
598 1309 862 1368 commodissimum
884 1327 947 1366 ease
961 1308 1078 1376 statuit,
1098 1309 1232 1366 omnibus

223 1423 225 1428 ¹
239 1402 323 1477 cquis
338 1401 434 1458 Gallis
446 1401 592 1475 equitibus
605 1400 752 1469 detractis,
763 1419 797 1456 eo
806 1397 979 1476 legionarios
990 1398 1096 1456 milites
1107 1397 1231 1475 legionis

240 1489 380 1558 decimae,
395 1491 444 1546 cui
458 1509 545 1564 quam
568 1490 693 1546 maxime
715 1488 883 1556 confidebat,
899 1489 1055 1562 imponere,
1072 1496 1103 1544 ut
1123 1488 1230 1562 praesi-

239 1577 320 1633 dium
334 1597 422 1651 quam
441 1578 659 1646 amicissimum,
674 1577 699 1632 si
720 1576 789 1650 quid
811 1595 883 1650 opus
906 1575 982 1634 facto
1002 1585 1085 1644 asset,
1100 1575 1228 1656 baberet.

191 1671 227 1724 15
240 1664 325 1728 Quod
333 1683 424 1739 quum
433 1665 523 1732 fieret,
534 1683 589 1720 non
603 1665 750 1722 irridicnle
764 1665 882 1738 quidam
896 1681 933 1720 ex
948 1664 1086 1720 militibus
1100 1662 1229 1721 decimae

240 1752 361 1829 legionis
369 1752 456 1809 dixit:
478 1752 557 1820 Plus,
566 1769 654 1827 quam
664 1752 808 1827 pollicitus
817 1761 900 1820 esset,
909 1751 1066 1808 Caesarem
1076 1751 1104 1807 ei
1114 1749 1227 1824 sacere3

240 1840 407 1916 pollicitum,
422 1859 454 1898 se
468 1841 498 1897 in
520 1841 643 1901 cohortis
665 1842 824 1916 praetoriae
845 1841 908 1897 loco
929 1839 1072 1896 decimam
1087 1840 1229 1916 legionem

187 1964 195 1976 ·
239 1931 424 2002 habitururn3
447 1947 534 1998 nunc,
550 1929 585 1987 ad
599 1948 707 2004 equum
722 1929 891 1986 rescribere.
1281 1924 1284 1934 ¹

280 2015 389 2076 XLIII.
412 2017 549 2080 Planities
571 2029 634 2076 erat
655 2037 771 2094 magna,
792 2028 821 2076 ot
843 2019 874 2074 in
887 2037 923 2076 ea
944 2015 1075 2076 tumulus
1096 2027 1229 2078 terrenus

187 2115 226 2169 2⁰
239 2109 308 2164 satis
321 2107 448 2184 grandis.
478 2106 537 2164 Hic
551 2108 633 2164 locus
647 2127 739 2182 aequo
753 2107 814 2164 lere
826 2108 919 2182 spatio
933 2108 971 2165 ab
984 2108 1087 2166 castris
1098 2109 1228 2184 utrisque

239 2197 348 2254 aberat.
389 2195 443 2265 Eo,
459 2205 573 2253 uteret
593 2197 712 2266 dictum,
728 2196 762 2253 ad
784 2196 962 2272 colloquium
978 2207 1129 2254 venerunt.
1171 2197 1227 2256 Lo-

238 2284 486 2362 gionem‘Caesar,
501 2303 589 2360 quam
610 2286 693 2362 equis
713 2284 877 2354 devexerat,
892 2285 1024 2360 passibus
1045 2285 1178 2344 ducentis
1192 2289 1229 2346 ab

238 2393 273 2430 eo
293 2374 404 2432 tumulo
426 2375 582 2432 constituit.
624 2374 697 2432 Item
712 2371 824 2450 eq'uitee
838 2375 979 2432 Ariovisti
999 2376 1062 2451 pari
1074 2375 1229 2436 intervallo

238 2464 434 2522 constiterunt.
487 2464 661 2532 Ariovistus,
690 2481 727 2520 ex
755 2463 838 2538 equis
865 2473 898 2520 ut
923 2463 1166 2539 colloquerentur,
1190 2475 1227 2536 st,

186 2563 225 2618 25
238 2561 352 2628 praeter
372 2571 413 2622 se,
434 2553 521 2610 denos
538 2562 572 2611 ut
596 2552 632 2609 ad
656 2551 832 2628 colloquium
857 2552 1041 2622 adducerent,
1064 2555 1226 2630 postulavit.

239 2641 295 2700 Ubi
310 2661 344 2700 eo
358 2651 476 2702 ventum
489 2653 541 2712 cst,
556 2641 674 2711 Caesar,
686 2643 766 2699 initio
779 2642 923 2712 orationis,
935 2661 989 2700 sua
1003 2643 1184 2718 Secutusque
1197 2644 1228 2700 in

237 2747 306 2790 sum
321 2731 461 2788 beneficia
483 2733 740 2804 commemoravit3
763 2729 849 2796 Quod
864 2749 916 2788 rex
939 2733 1100 2808 appellatus
1112 2742 1190 2790 ¹esset
1209 2749 1228 2790 a

237 2818 357 2886 Senatu,
372 2819 447 2893 quod
461 2821 582 2888 amicus,
592 2819 667 2894 quod
682 2837 805 2877 munera
819 2821 998 2897 amplissima
1008 2822 1116 2894 missa3
1138 2840 1228 2896 quam

239 2924 300 2962 rem
315 2915 346 2962 ot
357 2908 459 2980 paucis
473 2909 635 2982 contigisse,
651 2918 680 2966 et
692 2928 742 2984 pro
757 2910 872 2986 magnis
884 2910 1031 2966 hominum
1044 2909 1146 2966 officiis
1160 2929 1227 2968 con·

185 3006 337 3062 aosuesse
364 2994 452 3050 tribui
475 2994 612 3052 docebat:
642 2997 736 3067 illum,
760 3017 852 3072 quum
879 3017 974 3074 neque
998 2998 1108 3055 aditum
1132 3017 1227 3074 neque

239 3099 360 3138 causam
380 3081 540 3155 postulandi
559 3083 667 3158 justam
688 3087 815 3156 haberet,
836 3088 975 3146 beneficio
997 3106 1031 3145 ao
1054 3087 1227 3146 liberalitato

238 3187 292 3228 sua
316 3188 352 3226 ac
373 3169 498 3226 Senatus
518 3189 554 3228 ea
578 3174 706 3248 praemia
732 3185 932 3235 consecutum.
974 3173 1103 3234 Docebat
1129 3177 1226 3246 ctiam,

238 3257 337 3322 Quam
361 3267 473 3316 veteres
495 3263 756 3336 quamquojustao
778 3281 886 3324 canme
912 3264 1131 3324 necessitudinis
1157 3267 1227 3340 ipsis
1259 3323 1262 3325 .

238 3365 307 3406 cum
322 3346 435 3404 Aeduis
455 3348 683 3430 intercederent3
706 3370 782 3425 quae
796 3353 922 3412 Senatus
943 3353 1083 3423 consults,
1105 3354 1226 3430 quoties,

175 3437 225 3506 ω
238 3453 383 3513 quamque
408 3436 564 3494 honorifica
585 3437 615 3494 in
638 3457 687 3496 eos
710 3439 787 3499 sacta
808 3452 921 3500 essent:
944 3453 976 3500 ut
999 3443 1076 3502 omni
1099 3453 1226 3520 tempore

237 3527 323 3584 totius
331 3524 448 3584 Galliae
462 3526 654 3604 principatum
664 3528 761 3585 Aedui
772 3531 941 3600 tenuissent,
949 3533 1029 3608 prius
1043 3533 1226 3609 etiamquam

237 3624 363 3676 nostram
391 3615 547 3672 amicitiam
572 3617 761 3692 appetissent:
787 3617 889 3694 Populi
915 3620 1038 3680 Romani
1062 3621 1138 3680 hanc
1162 3637 1226 3679 esse

237 3701 483 3773 consuetudinem,
507 3714 538 3761 ut
560 3706 653 3763 socios
675 3715 761 3782 atquo
783 3708 892 3766 amicos
911 3728 968 3768 non
982 3709 1065 3768 modo
1085 3712 1132 3769 sui
1153 3709 1225 3768 nihil

237 3788 403 3866 deperdere,
417 3792 467 3850 sed
480 3794 583 3870 gratia,
605 3794 752 3873 dignitate,
767 3797 874 3856 honore
895 3798 1039 3858 annueres
1053 3799 1123 3858 velit
1142 3815 1224 3858 sessa
