2826 4336
80 3611 86 3682 ι

247 245 307 342 160
601 287 645 334 ΒΕ
662 285 769 334 naun
787 287 931 334 GALLloe
1139 289 1197 342 [Car
1210 295 1271 337 tt-tt.

294 429 474 507 perientibus
498 426 590 503 copiis
612 425 792 492 comederat,
818 433 1041 502 persequuntur,
1066 425 1274 502 compluresque

294 519 481 577 interficiunt.
523 517 645 581 Quare
664 513 874 582 animadversa,
896 515 1010 589 reliqui,
1031 532 1067 571 ne
1093 516 1274 574 circumveni·

294 619 404 676 rentur,
418 608 513 675 veriti,
528 627 560 664 se
575 604 664 681 fugae
680 604 828 660 mandant.
871 603 1016 661 Omnibus
1030 604 1102 661 locis
1116 605 1149 662 fit
1166 606 1275 664 caedes:

293 707 351 753 tres
360 695 530 754 nobilissimi
538 693 637 752 Aedui
648 695 726 770 capti
737 694 774 750 ad
781 694 942 752 Caesarem
952 693 1168 770 perducuntur:
1188 695 1275 766 Cotus,

261 795 281 850 5
293 786 459 863 praefectus
482 786 624 862 equitum,
645 785 697 860 qui
721 785 948 842 controversiam
971 801 1040 841 curn
1060 783 1277 842 Convictolitane

293 875 431 952 proximis
445 875 569 932 comitiis
586 875 750 946 habuerat3
773 885 802 932 et
815 873 992 942 Cauarillus,
1006 873 1057 947 qui
1072 883 1134 948 post
1154 873 1278 932 deiectio-

292 983 359 1022 nem
381 964 507 1022 Litavioi
528 961 711 1040 pedestribus
730 963 822 1040 copiis
842 959 1027 1039 praefuerat;
1050 973 1080 1018 et
1100 962 1279 1040 Eporedorix,

291 1074 350 1132 quo
363 1055 438 1112 duce
453 1063 520 1112 ante
535 1053 692 1112 adveutum
705 1053 841 1110 Caesaris
855 1051 953 1109 Aedui
968 1068 1036 1109 cum
1057 1051 1200 1127 Sequanis
1213 1053 1281 1110 bello

292 1143 510 1204 contenderant.

243 1245 285 1300 10'
333 1235 473 1294 LXVlll.
497 1235 611 1314 Fugato
623 1235 702 1292 omni
714 1235 854 1310 equitatu,
867 1231 1091 1310 Vercingetorix
1102 1235 1200 1309 copias
1210 1253 1281 1304 suas,

293 1337 326 1386 nt
349 1345 400 1402 pro
424 1327 527 1384 castris
551 1325 754 1391 collocaverat,
779 1322 914 1394 reduxit3
937 1323 1123 1398 protinusque
1146 1323 1282 1394 Alesiam,

292 1417 368 1492 quod
389 1427 433 1474 est
453 1415 588 1494 oppidum
610 1413 844 1482 Mandubiorum,
859 1415 914 1470 iter
936 1411 1033 1470 iacere
1048 1414 1164 1490 coepit;
1186 1415 1283 1472 celeri-

292 1517 394 1581 terque
419 1503 623 1582 impedimenta
643 1521 680 1562 ex
701 1504 805 1560 castus
824 1502 921 1571 educi,
935 1510 964 1559 et
978 1521 1010 1560 se
1030 1504 1169 1578 subsequi
1190 1505 1283 1579 jussit.

292 1595 410 1662 Caesar,
425 1595 638 1670 impedimentis
651 1594 682 1648 in
697 1593 860 1668 proximum
881 1592 984 1649 collem
1005 1591 1146 1660 deductis,
1162 1592 1283 1650 duabus-

242 1693 280 1748 15
292 1699 350 1758 que
365 1683 529 1758 legionibus
543 1682 686 1760 praesidio
707 1682 825 1750 relictis,
840 1691 969 1752 secutus,
984 1692 1125 1757 qnanurm
1140 1681 1197 1740 diei
1218 1693 1285 1739 tem-

293 1791 347 1848 pus
361 1783 404 1828 est
418 1791 544 1849 passum,
559 1772 676 1828 circiter
690 1772 783 1832 tribus
803 1772 933 1829 millibus
946 1772 1070 1829 hostium
1084 1791 1120 1831 ex
1135 1773 1287 1830 novissimo

293 1862 409 1936 agmine
423 1860 593 1929 interiectis,
608 1860 700 1918 altero
718 1861 765 1918 die
778 1861 815 1918 ed
830 1861 963 1918 Alesiam
984 1872 1079 1918 castra
1101 1860 1178 1919 fecit.
1221 1861 1288 1918 Per-

292 1961 389 2025 specto
411 1949 493 2006 urbis
513 1951 580 2017 situ,
596 1951 813 2026 perterritisque
828 1951 966 2018 hostibus,
982 1951 1058 2026 quod
1073 1952 1213 2025 equitatu,
1228 1970 1286 2027 quo

292 2039 419 2096 maxime
434 2037 625 2108 confidebant,
641 2051 724 2098 erant
739 2041 824 2116 pulsi,
840 2037 1007 2098 adhortatus
1021 2039 1057 2096 ad
1071 2039 1200 2098 laborem
1215 2042 1286 2098 mili-

240 2139 279 2192 20
293 2139 343 2198 tes,
360 2131 493 2188 Alesiam
506 2130 734 2188 circumvallare
749 2131 881 2188 instituit.

332 2217 441 2278 LXIX.
464 2219 562 2297 ipsum
587 2231 650 2278 erat
673 2221 810 2296 oppidum
834 2222 865 2276 in
885 2219 960 2278 colle
985 2237 1108 2289 summo,
1131 2220 1287 2277 admodum

292 2310 368 2368 edito
382 2311 454 2380 loeo,
472 2323 512 2382 ut,
527 2311 583 2368 nisi
598 2311 755 2380 obsidione,
771 2312 934 2393 exppgnari
955 2329 1011 2368 non
1032 2329 1114 2386 pesse
1131 2311 1287 2368 videretur.

291 2401 384 2478 Cujus
398 2401 481 2461 collis
496 2401 609 2460 radices
623 2401 682 2460 duo
695 2401 810 2459 duabus
824 2421 861 2458 ex
876 2401 1006 2477 partibus
1026 2401 1148 2458 flumina
1171 2402 1288 2458 sublue-

293 2493 370 2552 bant.
413 2494 492 2552 Ante
507 2491 535 2550 id
550 2491 686 2569 oppidum
701 2491 836 2567 planities
850 2492 969 2548 circiter
983 2491 1076 2548 millia
1090 2510 1231 2567 passuum
1255 2507 1289 2547 111

239 2589 279 2644 25
293 2584 322 2640 in
337 2584 545 2661 longitudinem
561 2582 692 2658 patebat:
709 2580 828 2654 reliquis
842 2599 879 2638 ex
893 2582 1028 2638 omnibus
1042 2581 1173 2657 partibus
1188 2581 1290 2648 eolles,

293 2675 429 2732 mediocri
451 2673 603 2748 interjecto
623 2672 727 2748 spatio,
750 2672 813 2747 pari
835 2669 993 2728 altitudinis
1015 2669 1137 2747 fastigio,
1152 2670 1291 2746 oppidum

279 2763 457 2839 cingebant.
500 2763 563 2820 Sub
582 2781 674 2832 muro,
690 2780 766 2838 quae
788 2779 856 2836 pars
876 2760 960 2822 collis
978 2761 1014 2818 ad
1030 2761 1170 2818 orientem
1191 2761 1292 2818 Solem

292 2853 448 2924 spectabat,
459 2851 538 2908 buno
548 2869 663 2909 omnem
678 2851 774 2908 locum
786 2852 886 2927 copiae
895 2850 1048 2908 Gallorum
1061 2850 1291 2927 compleverant,

293 2935 456 3014 fossamque
470 2947 499 2995 et
513 2941 672 2998 maceriam
685 2955 737 2996 sex
752 2940 782 2996 in
795 2939 980 2997 altitudinem
1000 2939 1105 3014 pedum
1128 2939 1293 3015 praeduxe-

240 3027 280 3088 80
293 3034 367 3080 rant.
410 3025 484 3098 Ejus
505 3029 681 3098 munitionis,
694 3047 772 3104 quae
788 3031 824 3086 ab
845 3027 985 3086 Romanis
1004 3029 1217 3099 instituebatur,
1233 3030 1291 3086 cir-

292 3113 389 3170 cuitus
402 3131 434 3170 xr
449 3113 574 3170 millium
589 3133 728 3190 passuum
744 3119 869 3175 tenebat.
912 3118 1016 3176 Castra
1035 3119 1202 3193 opportunis
1216 3118 1294 3174 loeis

292 3211 375 3260 erant
389 3203 489 3276 posita,
505 3201 602 3276 ibique
616 3206 738 3263 castella
759 3225 834 3266 xxrn
857 3205 953 3278 iacta;
977 3208 1084 3282 quibus
1109 3208 1138 3264 in
1160 3207 1294 3263 castellis

292 3290 417 3349 interdiu
431 3291 567 3348 stationes
580 3291 813 3367 disponebantur,
826 3315 862 3352 ne
877 3315 935 3370 qua
950 3297 1044 3353 subito
1055 3297 1176 3371 irruptio
1187 3297 1292 3352 lieret:

293 3382 366 3438 haec
387 3380 490 3438 eadem
512 3389 599 3436 nootu
623 3381 840 3442 excubitoribus
865 3405 901 3442 ao
922 3387 1014 3442 firmis
1035 3385 1187 3461 praesidiis
1209 3395 1293 3442 tene-

241 3471 408 3529 nubantur.

333 3559 428 3618 LXX.
451 3558 548 3636 Opere
563 3557 703 3628 instituto,
714 3560 746 3616 fit
760 3571 893 3635 equestre
899 3563 1050 3638 proelium
1065 3563 1095 3618 in
1110 3583 1145 3620 ea
1160 3563 1293 3639 planitie,

292 3667 381 3724 quam
396 3649 588 3707 intermissam
599 3647 723 3706 collibus
735 3665 770 3709 111
781 3649 874 3707 millia
888 3669 1026 3726 passuum
1038 3652 1067 3706 in
1079 3651 1293 3729 longitudinem

293 3747 391 3814 patere
412 3757 501 3815 supra
519 3736 791 3796 demonstravimus.
834 3737 956 3795 Summa
971 3740 1000 3796 vi
1016 3739 1053 3794 ab
1072 3741 1201 3816 utrisque
1222 3757 1293 3797 con-

295 3823 430 3880 tenditur.
473 3824 687 3885 Laborantibus
709 3827 814 3884 nestris
827 3825 937 3882 Caesar
952 3826 1115 3886 Germanos
1135 3829 1292 3896 submittit,
