2804 4312
180 261 221 325 la
294 341 300 358 ἡ
531 271 575 318 nn
594 269 699 316 nanno
718 267 861 314 clauco
1064 267 1218 334 [omn-ra

268 408 319 468 x1.
341 408 469 468 Helvetti
487 408 548 482 jam
563 424 614 482 per
626 405 776 482 angustias
789 413 818 462 et
831 403 904 461 fines
924 403 1126 479 Sequanorum
1147 421 1216 462 suas

227 499 324 576 copias
345 497 539 566 traduxerant,
563 504 591 552 at
613 497 643 554 iu
662 494 833 552 Aeduorum
855 495 928 550 fines
948 503 1148 569 pervenerant,
1170 513 1214 552 eo-

227 605 350 661 rumque
363 603 448 662 agros
462 584 682 660 populabantur.
726 583 833 654 Aedui,
848 601 939 659 quum
959 602 990 640 se
1004 598 1116 658 suaque
1131 583 1216 642 abiis

227 675 380 734 defendere
395 693 450 734 non
465 683 587 752 possent,
602 674 712 750 legatos
726 672 762 730 ad
776 673 933 731 Caesarem
954 673 1070 730 mittunt
1084 681 1217 750 rogatum

195 765 388 824 bannilirunr
410 763 454 822 lta
466 783 498 821 se
518 763 743 838 omnitempore
764 762 800 820 de
820 761 929 838 Populo
950 761 1080 820 Romano
1101 763 1217 820 meritos

227 873 299 925 asse,
322 863 362 924 ut,
382 871 474 934 paene
498 854 528 910 ia
541 861 697 928 oonswctu
721 851 867 912 exercitus
891 851 989 921 nostri,
1015 851 1078 928 agri
1099 851 1216 922 vastari,

226 943 312 1002 liberi
334 961 435 1002 eorum
459 943 489 1000 in
514 943 683 1000 servitutem
708 941 821 1012 abduci,
847 939 950 1017 oppida
974 940 1136 1017 expugnari
1160 953 1233 1019 non¹

227 1035 389 1092 debuerint.
433 1033 543 1092 Eodem
565 1043 692 1110 tompore
717 1049 775 1107 quo
800 1031 906 1102 Aedui,
930 1032 1069 1089 Ambarri
1093 1049 1217 1108 quoque,

227 1125 384 1184 necessarii
406 1133 435 1182 et
456 1114 664 1200 consanguinei
687 1121 867 1192 Aeduorum,
888 1121 1045 1180 Caesarem
1067 1123 1218 1179 cerdonem

178 1219 215 1276 lc
229 1213 348 1285 faciunt,
360 1233 432 1284 sese,
447 1213 626 1290 depopulatis
640 1213 727 1289 agris,
736 1229 794 1268 non
809 1210 895 1268 iacIIe
910 1212 946 1268 ab
959 1211 1070 1288 oppidis
1083 1211 1142 1268 vim
1156 1211 1219 1268 hos·

227 1306 300 1364 tium
314 1305 483 1382 prohibere:
504 1305 572 1361 item
587 1303 767 1378 Allobroges,
789 1303 840 1377 qui
860 1313 939 1359 trans
953 1301 1128 1362 Rhodanum
1140 1301 1220 1360 vicos

229 1395 479 1472 possessionesque
492 1393 644 1460 habebant,
661 1389 730 1468 iuga
751 1409 782 1448 se
803 1390 840 1448 ad
853 1391 1010 1450 Caesarem
1026 1392 1177 1469 reciplunt,
1192 1399 1221 1448 et

229 1483 432 1553 demonstrant,
443 1483 506 1552 sibi,
521 1492 636 1559 praeter
650 1482 713 1557 agri
727 1481 830 1550 solum,
842 1481 914 1538 nihil
928 1501 992 1539 esse
1004 1481 1119 1558 reliqui.
1148 1480 1220 1545 Qui-

229 1572 284 1628 bus
304 1573 390 1629 rebus
411 1571 561 1640 adductus,
579 1570 688 1628 Caesar
709 1589 764 1628 non
788 1571 1013 1647 exspectandum
1037 1571 1092 1628 sibi
1113 1569 1221 1640 statuit,

180 1661 217 1720 lb
230 1661 308 1732 dum,
330 1662 463 1720 omnibus
491 1659 612 1718 fortunis
639 1661 782 1719 sociorum
810 1662 995 1738 consumptis,
1024 1661 1053 1717 in
1081 1660 1222 1718 Santonos

230 1749 359 1808 Helvetii
374 1751 567 1826 pervenirent.
1201 1747 1204 1752 ’

271 1839 338 1898 XII.
361 1839 485 1897 Flumen
506 1849 549 1897 est
570 1840 658 1910 Arar,
680 1841 756 1916 quod
777 1841 915 1918 perfines
930 1838 1099 1898 Aeduorum
1121 1850 1150 1896 et
1170 1839 1221 1896 Se-

230 1947 391 2008 quanorum
413 1931 443 1986 in
466 1929 638 1988 Rhodanum
662 1929 764 2000 influit,
790 1929 953 1988 incredibili
975 1929 1102 1999 lenitate,
1126 1929 1167 1986 ita
1191 1937 1224 1986 ut

230 2019 333 2090 oeulis,
348 2021 378 2076 in
393 2028 487 2076 utram
509 2029 618 2095 partem
641 2019 720 2089 fluat,
741 2019 867 2094 judicari
888 2037 945 2076 non
959 2019 1055 2094 possit.
1098 2017 1131 2076 Id
1152 2015 1223 2076 Hel-

117 2131 118 2134 ¹
179 2109 219 2166 au
232 2110 300 2166 vetii
324 2109 433 2166 ratibus
458 2127 493 2166 ac
518 2109 650 2166 lintribus
671 2108 783 2191 junctis
806 2108 976 2166 transibant.
1022 2105 1076 2165 Ubi
1100 2125 1152 2184 per
1175 2125 1223 2164 ex-

232 2197 389 2274 ploratores
401 2197 511 2256 Caesar
524 2199 629 2256 certior
643 2196 737 2256 factus
751 2207 803 2267 est,
818 2207 877 2254 tres
888 2196 949 2272 jam
964 2196 1114 2272 copiarum
1128 2206 1226 2273 partes

232 2287 385 2346 Heluetios
404 2287 432 2344 id
455 2289 563 2346 flumen
585 2287 757 2356 traduxisse,
780 2295 914 2362 quartam
928 2302 998 2344 vero
1019 2285 1129 2362 partem
1151 2288 1226 2344 citra

232 2377 340 2436 flumen
355 2378 474 2434 Ararim
489 2376 630 2452 reliquam
645 2395 727 2449 esse;
750 2376 784 2434 de
805 2375 889 2432 tertia
903 2375 1004 2452 vigilia
1018 2395 1086 2434 eum
1107 2373 1225 2456 legioni-

232 2468 286 2526 bus
300 2469 392 2526 tribus
406 2487 422 2524 a
437 2467 540 2526 eastris
555 2465 710 2544 proiectus,
734 2465 769 2524 ad
783 2483 848 2522 eam
870 2474 980 2542 partem
995 2467 1135 2544 pervenit,
1150 2467 1226 2543 quae

180 2559 219 2614 25
232 2558 359 2616 nondum
373 2557 482 2618 flumen
497 2558 660 2614 transierat.
703 2555 763 2614 Eos
777 2554 924 2632 impeditos
941 2564 970 2612 et
984 2555 1164 2632 inopinantes
1178 2576 1226 2634 ag·

232 2667 359 2726 gressus,
375 2667 509 2726 magnam
525 2667 625 2706 eorum
640 2657 750 2723 partem
771 2643 913 2704 concidit:
936 2645 1041 2722 reliqui
1056 2645 1143 2723 suges
1164 2665 1227 2705 sess

148 2755 150 2760 ·
233 2739 417 2806 mandarunt,
434 2745 521 2812 atque
535 2737 565 2792 in
579 2737 726 2811 proximas
756 2735 846 2793 silvas
861 2731 1042 2792 abdiderunt.
1084 2735 1113 2792 Is
1134 2753 1227 2813 pagus

222 2824 434 2900 ‚appellabatur
448 2825 628 2900 Tiguriuus:
649 2843 717 2880 narn
731 2826 824 2882 omnis
845 2825 948 2882 civitas
963 2825 1100 2882 Helvetia
1114 2825 1144 2881 in
1158 2844 1226 2900 qua-

233 2922 299 2970 tuor
313 2931 402 2989 pagcs
415 2912 508 2970 divisa
522 2921 574 2968 est.
618 2911 676 2970 Hic
695 2932 788 2990 pagus
809 2933 894 2984 unus,
909 2933 1000 2989 quum
1015 2911 1097 2970 domo
1111 2914 1227 2982 exisset,

183 3001 223 3058 8⁰
235 3011 348 3078 patrum
362 3009 524 3058 nostrorum
546 3002 685 3058 memoria
700 3001 737 3059 L.
753 3002 886 3061 Cassium
906 2999 1055 3060 consulem
1075 2997 1226 3060 interfece-

235 3100 288 3160 rat,
311 3099 339 3147 et
360 3090 424 3164 ejus
446 3091 608 3148 exercitum
623 3091 677 3146 sub
697 3091 803 3170 jugum
824 3094 952 3150 miserat.
994 3089 1047 3160 Ita,
1063 3091 1124 3148 sive
1145 3109 1227 3164 casu,

235 3177 431 3236 sive‘ccnsilio
445 3177 575 3238 Deorum
595 3179 811 3250 immortalium,
832 3199 909 3257 quae
931 3198 998 3257 pars
1018 3180 1143 3237 civitatis
1157 3176 1227 3238 Hel-

235 3268 329 3326 vetiae
353 3268 496 3345 insignem
516 3269 714 3326 calamitatem
738 3268 847 3345 Populo
871 3270 1002 3328 Romano
1023 3269 1170 3340 intulerat,
1194 3290 1229 3328 ea

236 3357 370 3434 priueeps
384 3375 490 3432 poenas
504 3358 649 3434 persolvit.
691 3357 761 3423 Qua
771 3360 801 3414 ln
817 3376 847 3417 re
861 3359 971 3417 Caesar
981 3377 1038 3417 non
1052 3357 1144 3416 solum
1160 3360 1229 3436 pub-

183 3447 223 3502 35
235 3447 317 3517 lices,
331 3447 382 3504 sed
396 3447 485 3504 etiam
499 3449 626 3526 priuatas
646 3447 769 3524 injurias
792 3447 871 3504 ultus
894 3458 946 3518 est,
961 3449 1038 3524 quod
1058 3449 1123 3524 ejus
1137 3451 1230 3508 soceri

236 3535 273 3595 L.
288 3536 399 3596 PisonIs
413 3555 510 3608 avum,
526 3536 563 3596 L.
579 3537 712 3596 Pisonem
726 3536 864 3612 legatum,
880 3535 1018 3613 Tigurini
1032 3538 1133 3596 eodem
1148 3557 1230 3616 proe-

236 3625 284 3694 lio,
298 3644 356 3704 quo
369 3626 512 3696 Cassium,
527 3625 742 3684 interfecerant.
849 3677 856 3682 .

277 3714 357 3772 XIII.
380 3713 445 3774 Hoc
466 3716 573 3793 proella
595 3713 679 3782 sacto,
700 3711 827 3786 reliquas
847 3713 949 3790 copias
973 3713 1178 3782 Helvetiorum
1199 3725 1231 3774 ut

238 3804 374 3876 consequi
388 3815 491 3878 posset,
507 3811 620 3879 pontem
638 3803 667 3858 in
683 3800 773 3858 Arari
795 3799 960 3861 laniandum
974 3815 1068 3872 curat,
1084 3814 1169 3878 atque
1190 3805 1231 3860 ita
