2804 4312
159 241 315 296 euersa]
552 241 648 288 amaa
664 241 827 294 unsaros.
1155 233 1199 292 'tt

156 379 240 438 nibus
253 379 328 436 vicis
343 376 541 452 aedificiisque
553 379 689 448 incensis,
705 378 912 452 frumentisque
927 379 1058 447 armcisis,
1069 398 1101 436 ss
1115 379 1146 438 in

156 467 226 528 fines
241 467 386 526 Ubiorum
401 469 525 540 recepit3
549 477 634 540 atque
649 469 683 523 iis
698 467 839 525 auxilium
853 485 938 524 suum
952 467 1105 542 pollicitus,
1120 469 1146 526 si

156 557 190 615 ab
204 556 312 614 Suavis
326 566 535 630 premerentur,
550 556 622 612 haec
637 556 722 614 abiis
736 558 886 632 cognorit:
902 555 1021 626 Suevos,
1036 567 1145 632 postea-

155 663 242 718 quam
261 662 315 719 per
335 643 529 718 exploratores
551 655 664 718 pontem
685 645 747 701 heri
767 646 979 720 comperissent,
994 663 1072 702 more
1093 663 1146 702 suo

156 734 278 792 concilio
301 733 408 801 habito,
434 733 556 790 nuncios
582 733 612 788 in
638 751 737 790 omnes
756 743 853 808 partes
876 734 1024 802 dimisisse,
1047 735 1089 793 uti
1109 734 1179 794 dee

155 821 264 896 oppidis
278 821 483 896 demigrarent,
498 820 610 890 liberos,
626 839 738 890 uxores,
759 839 869 895 suaque
888 823 985 880 omnia
1004 823 1035 878 iu
1057 823 1146 880 silvas

156 909 340 984 deponerent,
363 919 449 984 atque
470 928 578 978 omnes,
592 911 642 984 qui
664 928 744 966 arma
766 909 840 968 ferre
858 921 980 985 possent,
1003 929 1093 968 unum
1115 911 1146 968 in

155 997 251 1058 locum
273 999 477 1056 convenirent:
507 999 585 1064 huno
614 1014 676 1054 esse
703 998 847 1056 delectum
871 999 997 1055 medium
1019 996 1079 1055 fere
1102 1016 1145 1056 re-

155 1088 274 1162 gionum
302 1105 414 1154 earum,
442 1106 516 1160 quas
543 1086 633 1143 Suevi
661 1087 838 1144 obtinerent:
874 1087 922 1142 hic
950 1087 1147 1144 Romarmum

156 1175 311 1232 adventum
326 1185 503 1249 exspectare,
519 1186 605 1250 atque
620 1175 660 1230 ibi
673 1175 821 1231 decertare
836 1174 1026 1230 constituisse.
1061 1173 1148 1236 Quod
1161 1171 1198 1226 tu

157 1264 204 1319 ubi
226 1263 338 1322 Caesar
362 1265 510 1338 comperit,
522 1264 658 1320 omnibus
678 1263 723 1320 his
744 1262 830 1318 rebus
854 1259 1001 1327 confectis,
1024 1277 1148 1332 quarum

157 1369 254 1408 rerum
277 1369 368 1410 causa
388 1351 540 1408 traducere
562 1351 722 1408 exercitum
738 1349 932 1418 constituerat,
947 1359 979 1404 nt
994 1346 1150 1404 Germanis

156 1451 265 1498 metum
289 1440 431 1514 injiceret,
447 1450 478 1497 ut
493 1440 659 1516 Sigambros
677 1437 877 1506 ulcisceretur,
892 1447 924 1494 ut
938 1435 1027 1494 Ubios
1047 1435 1149 1503 obsidis

156 1547 210 1586 one
230 1529 377 1598 liberaret,
399 1527 500 1592 diebus
520 1529 635 1586 omniuo
654 1545 675 1584 x
697 1537 725 1584 et
745 1543 801 1584 v111
823 1536 901 1584 trans
923 1524 1059 1582 Rhenum
1081 1543 1147 1582 oon·

157 1617 286 1692 sumptis,
302 1617 371 1674 satis
385 1627 413 1674 et
428 1617 462 1673 ad
478 1617 594 1674 laudem
611 1626 640 1673 et
661 1615 696 1674 ad
719 1615 869 1673 utilitatem
890 1613 1050 1695 profectum
1074 1615 1147 1675 arbi-
1162 1615 1199 1672 tt

157 1713 257 1773 trstus,
273 1725 304 1762 se
318 1706 349 1762 in
357 1705 489 1762 Galliam
504 1705 621 1780 recepit,
637 1713 806 1780 pontemque
822 1703 947 1762 rescidit.
970 1753 972 1758 .

197 1791 264 1850 XX.
288 1793 405 1869 Exigua
432 1803 512 1869 parte
542 1793 657 1850 aestatis
681 1793 803 1868 reliqua,
827 1792 944 1862 Caesar,
969 1793 1022 1851 etsi
1045 1793 1076 1850 in
1103 1793 1149 1851 his

157 1881 237 1950 locis,
249 1883 324 1956 quod
337 1883 430 1940 omnis
442 1881 522 1939 Galli
551 1881 587 1938 ad
601 1882 815 1957 septemtriones
825 1883 927 1958 vergit,
939 1891 1070 1940 maturae
1081 1891 1149 1940 sunt

157 1971 277 2043 hiemes,
297 1980 393 2032 tamen
408 1971 439 2028 in
453 1970 633 2030 Britanniam
648 1970 791 2046 proficisci
806 1971 958 2040 contendit,
969 1971 1045 2044 quod
1058 1971 1148 2028 omni.

158 2059 212 2116 bus
234 2057 441 2121 fereGallicis
461 2060 553 2128 bellis,
568 2059 696 2119 hostibus
718 2059 821 2116 nostris
844 2059 910 2118 inde
932 2059 1148 2118 subministrata
1161 2062 1201 2118 90

159 2148 268 2204 auxilia
288 2147 484 2224 intelligebat:
506 2157 543 2216 et,
558 2148 583 2204 ai
596 2157 709 2222 tompus
724 2149 792 2206 anni
807 2147 842 2204 ad
856 2148 965 2205 bellurn
988 2147 1149 2224 gerendum

158 2235 305 2304 deficeret,
318 2247 417 2295 tamea
437 2253 543 2312 magno
562 2237 616 2292 sibi
637 2237 703 2293 usui
724 2235 785 2294 fore
805 2236 1047 2304 arbitrabatur,si
1068 2235 1151 2292 modo

159 2323 283 2382 insulam
309 2325 423 2393 adisset,
446 2343 540 2400 genus
562 2324 710 2384 hominurn
734 2324 932 2400 perspexisset,
954 2323 1026 2392 loca,
1041 2333 1148 2398 ponus,

159 2412 254 2470 aditus
268 2413 464 2489 cognovisset:
486 2431 561 2488 quea
579 2413 675 2470 omnia
696 2411 756 2470 fere
771 2411 867 2470 Gallis
889 2421 971 2468 erant
991 2411 1147 2486 hroognita.

159 2499 264 2575 Neque
287 2502 364 2558 enirn
386 2511 495 2558 temere
516 2512 630 2576 praeter
650 2510 826 2560 mercatores
840 2498 891 2556 illo
906 2498 974 2556 edin
987 2499 1148 2573 quisquam,
1161 2504 1201 2560 stt

159 2607 253 2664 neque
267 2591 304 2652 iis
317 2590 387 2664 ipsis
400 2589 567 2664 quidquem,
583 2600 696 2665 praeter
709 2607 790 2648 oraru
803 2587 987 2655 maritimam,
1000 2596 1087 2662 atque
1099 2605 1151 2646 eas

160 2678 299 2753 regiones,
315 2695 390 2753 quae
410 2687 476 2738 sunt
496 2689 596 2736 contra
611 2678 732 2747 Gallias,
747 2686 846 2734 netum
867 2685 920 2734 est.
961 2674 1071 2751 Itaque,
1085 2693 1158 2734 aro·

159 2767 232 2823 catis
246 2765 282 2822 ed
296 2785 328 2822 se
343 2765 470 2841 undique
484 2767 700 2836 mercatoribus,
715 2784 809 2841 nequa
823 2773 930 2841 quauta
944 2775 1018 2824 esset
1037 2764 1152 2823 insulae

160 2853 336 2930 magnitudo,
346 2873 442 2929 neque
453 2865 589 2934 quaeant
599 2865 723 2929 quantae
736 2855 867 2912 nauones
880 2854 1047 2924 incolerent,
1055 2868 1150 2930 neque

159 2961 247 3018 quem
272 2961 358 3000 usum
380 2941 449 3000 belli
469 2943 616 3012 haberent,
639 2953 688 3003 aut
708 2943 813 3017 quibus
833 2945 969 3003 institutis
991 2953 1149 3015 uterentur,
1163 2952 1203 3008 bu

160 3047 253 3104 neque
267 3031 319 3105 qui
339 3041 435 3088 essem
455 3030 492 3088 ad
513 3032 656 3106 majorum
680 3033 801 3090 navium
821 3032 1036 3094 multitudinem
1055 3033 1151 3092 idonei

161 3128 266 3192 portus,
283 3120 412 3195 reperire
426 3129 546 3194 poterat.
711 3157 716 3164 ·
960 3165 965 3172 .

201 3205 281 3267 XXI.
304 3207 352 3264 Ad
367 3209 441 3265 haec
455 3207 663 3282 cognoscenda,
678 3209 760 3283 prius
778 3228 868 3284 quam
887 3212 1052 3287 pennulam
1074 3211 1151 3270 isoe-

162 3304 212 3362 ret,
228 3295 364 3357 idoneum
377 3315 440 3354 esse
455 3296 617 3365 arbitratus,
633 3295 668 3357 G·
684 3297 865 3358 Volusenum
887 3319 963 3358 cuurv
976 3301 1045 3359 navi
1065 3299 1152 3373 longa

162 3384 327 3458 praemittit.
370 3383 451 3442 Huic
467 3384 591 3453 mandat,
610 3385 660 3454 uti,
676 3386 831 3461 exploratis
851 3389 983 3446 omnibus
1004 3387 1100 3452 rebus,
1115 3383 1152 3442 ad
1164 3387 1204 3442 bd
1220 3410 1223 3424 ¹

162 3489 193 3526 se
217 3489 305 3549 quarq
330 3473 456 3546 primum
482 3481 660 3532 revertatur:
686 3475 747 3550 ipse
769 3493 837 3532 curn
858 3475 991 3532 omnibus
1012 3471 1102 3544 copiis
1121 3470 1153 3526 in

163 3555 290 3620 Morinos
312 3560 603 3637 proficiscitur-quod
624 3561 691 3621 inde
711 3571 775 3620 erat
795 3562 983 3618 brevissimus
996 3559 1026 3614 iu
1039 3557 1152 3614 Britan-

163 3646 242 3712 niam
256 3647 406 3722 trajectus.
448 3647 517 3706 Huc
531 3667 620 3709 naves
634 3650 762 3724 undique
776 3667 812 3706 ex
826 3647 955 3706 finitimis
978 3643 1153 3718 regionibus,

163 3742 193 3795 et
216 3752 306 3817 quam
328 3737 478 3812 superiore
505 3747 610 3802 matare
635 3737 672 3798 ad
696 3734 872 3802 Veneticum
899 3732 1009 3798 biam
1035 3729 1155 3812 hosat,

656 3842 692 3898 τ·
