2826 4336
192 275 253 336 tae
501 337 506 342 ,
532 277 575 324 us
595 273 700 324 sanxo
719 269 863 318 cataroe
1083 263 1235 318 [emmas

242 429 270 480 at
285 419 459 478 Anartium:
481 416 549 472 hinc
563 433 594 470 se
610 412 698 468 flectit
712 409 902 473 sinistrorsus,
917 403 1039 460 diversis
1060 401 1096 457 ab
1117 400 1237 456 fiumina

241 508 415 585 regionibus,
428 503 643 576 multarumque
654 499 784 574 gentium
795 497 868 550 fines
879 503 994 567 propter
1009 489 1237 565 magnitudinem

243 596 373 672 attingit:
394 611 488 668 neque
508 591 662 665 quicquam
685 595 726 644 ast
750 583 838 658 hujus
851 579 1047 656 Germaniae,
1063 578 1113 654 qui
1133 597 1165 633 se
1186 585 1236 633 aut

243 683 335 740 adisse
358 683 395 740 ad
422 681 536 740 initium
555 677 619 752 ejus
643 675 735 732 silvae
759 673 845 741 dicat,
868 687 960 746 quum
984 667 1096 733 dierum
1118 667 1173 724 iter
1197 683 1236 724 nx

210 772 421 848 bpmcesserit,
437 778 495 838 aut,
510 787 567 844 quo
582 783 618 822 ax
632 765 695 822 loeo
708 762 826 829 oriatur,
842 758 997 834 acceperit.
1041 756 1135 813 Multa
1152 755 1182 811 ln
1202 771 1237 811 ea

242 879 353 938 genera
365 859 493 917 serarum
508 855 589 914 nasci
604 860 723 922 constat,
738 843 813 926 quae
828 848 948 926 reliquis
968 847 998 902 in
1020 846 1090 902 locis
1104 845 1167 902 visa
1181 861 1237 900 non

243 951 318 1007 siut:
340 969 376 1006 ex
390 947 505 1024 quibus,
517 963 592 1022 quae
607 943 731 1000 maxima
746 937 879 995 differant
894 935 930 993 ab
944 935 1076 1004 caeteris,
1089 943 1116 992 et
1131 951 1237 992 merno-

244 1039 305 1096 riae
320 1036 464 1114 prodenda
478 1034 641 1102 videantur,
656 1031 730 1088 haec
745 1037 821 1086 sunt.

286 1125 398 1184 XXVI.
421 1125 475 1184 Est
494 1124 545 1181 bos
566 1122 647 1180 cervi
673 1120 776 1198 figura,
792 1117 877 1192 cujus
898 1135 916 1172 a
937 1114 1031 1172 media
1052 1112 1142 1170 fronte
1163 1113 1239 1169 inter

196 1221 233 1276 tc
247 1231 333 1277 aures
347 1232 439 1272 unum
454 1231 545 1271 cornu
559 1211 677 1279 exsistit,
693 1207 837 1266 excelsius
858 1205 1008 1282 magisque
1029 1202 1170 1259 directum
1184 1199 1238 1270 his,

246 1305 485 1382 quaenobisnota
494 1311 570 1372 sunt,
582 1299 727 1358 cornibus
769 1296 818 1353 Ab
826 1294 890 1370 ejus
901 1312 1022 1363 summe,
1032 1293 1108 1349 sicut
1117 1290 1238 1368 palmae,

246 1394 320 1452 rami
335 1411 424 1468 quam
437 1392 494 1450 late
509 1389 717 1447 diffunduntur.
760 1384 872 1442 Eadem
887 1393 929 1441 est
950 1382 1074 1440 feminae
1095 1381 1240 1455 marisque

246 1493 359 1550 natura,
374 1481 476 1538 eadem
491 1478 583 1535 forma
597 1473 822 1552 magnitudoque
837 1491 991 1530 cornuum.

289 1567 415 1626 XXVII.
435 1567 512 1624 Sunt
533 1567 609 1632 item,
624 1582 700 1638 quae
722 1561 904 1636 appellantur
918 1561 1020 1619 Alces.
1063 1559 1179 1618 Harum
1199 1567 1242 1617 est

197 1665 233 1718 15
247 1655 404 1712 consimilis
418 1653 514 1728 capris
528 1653 633 1727 figura,
646 1660 674 1706 et
685 1650 809 1706 varietas
824 1647 963 1724 pellIum3
980 1648 1030 1704 sed
1045 1648 1242 1725 magnitudine

246 1741 332 1816 paulo
354 1739 535 1807 antecedunt,
558 1739 736 1811 mutilaeque
758 1746 825 1792 sunt
846 1737 990 1804 cornibus,
1014 1745 1043 1792 et
1065 1722 1155 1794 crura
1179 1739 1242 1796 siue

245 1828 327 1886 nodis
342 1828 530 1900 articulisque
546 1825 669 1895 habent3
693 1841 787 1900 neque
804 1825 908 1898 quietis
922 1841 1012 1880 causa
1031 1828 1242 1900 procumbunt:

246 1911 348 1991 neque,
373 1916 398 1972 si
422 1933 479 1990 quo
499 1913 622 1970 afflictae
645 1931 715 1970 casu
739 1911 928 1981 conciderint,
957 1913 1071 1988 erigere
1100 1933 1164 1974 sese
1193 1927 1244 1974 aut

246 2004 399 2062 sublevare
413 2010 541 2080 possunt.
584 2001 639 2058 His
660 2011 727 2058 sunt
748 2001 864 2058 arbores
885 2019 935 2077 pro
954 2001 1119 2061 cubilibus:
1143 2004 1244 2063 adeas

194 2101 236 2157 20
247 2113 279 2150 se
294 2090 448 2168 applicant,
464 2101 550 2166 atque
565 2091 613 2160 ita,
630 2091 750 2168 paulum
767 2090 849 2147 modo
871 2089 1038 2160 reclinatae,
1053 2092 1181 2168 quietem
1195 2113 1242 2150 ca-

247 2183 348 2260 piunt:
371 2199 496 2257 quarum
511 2199 547 2238 ex
562 2181 692 2258 vestigiis
711 2199 804 2256 quum
818 2189 860 2238 est
875 2180 1110 2238 animadversum
1125 2201 1142 2239 a
1156 2201 1242 2240 vena-

247 2270 365 2340 toribus,
390 2289 448 2347 quo
470 2290 501 2328 se
526 2271 656 2347 recipere
681 2271 859 2340 consuerint,¹
881 2289 980 2328 omnes
1004 2289 1039 2328 eo
1064 2270 1127 2330 loco
1152 2283 1201 2330 aut
1226 2291 1244 2330 a

248 2358 395 2420 radicibus
409 2361 554 2420 subruunt
575 2370 625 2417 aut
646 2359 782 2418 accidunt
803 2361 919 2418 arbores
941 2370 1062 2431 tantum,
1079 2372 1109 2419 ut
1130 2381 1244 2419 summa
1302 2381 1307 2387 ·

248 2451 361 2528 species
375 2471 477 2510 aarum
497 2451 635 2509 stantium
656 2449 846 2526 relinquatur.
890 2450 959 2508 Huc
973 2469 1064 2528 quum
1078 2471 1109 2509 se
1123 2470 1243 2509 consue-

196 2543 236 2604 25
249 2541 348 2599 tudine
363 2541 576 2611 reclinaverint,
592 2539 722 2598 infirmas
736 2541 852 2598 arbores
866 2539 990 2617 pondere
1004 2533 1145 2618 affligunt,
1158 2550 1244 2618 atque

250 2649 310 2688 una
323 2631 402 2707 ipsae
417 2631 583 2690 concidunt.
792 2631 795 2638 “

291 2720 430 2780 XXVIII.
453 2721 588 2779 Tantum
610 2731 653 2778 est
673 2737 766 2798 genus
787 2738 896 2790 eorum,
910 2719 961 2795 qui
981 2720 1035 2778 Uri
1049 2720 1243 2797 appellantur.

250 2809 291 2866 Hi
302 2820 369 2866 sunt
379 2811 577 2888 magnitudine
588 2812 675 2890 paulo
686 2810 762 2868 infra
771 2811 938 2888 elephantos
949 2830 958 2882 3
975 2812 1080 2886 specie,
1096 2822 1124 2868 et
1138 2811 1244 2883 colora,

250 2908 278 2955 et
299 2899 395 2974 figure
414 2903 500 2957 tauri.
544 2902 652 2978 Magna
667 2903 711 2960 vis
731 2913 774 2962 est
794 2921 903 2971 eorum,
918 2911 946 2958 et
966 2919 1072 2977 magna
1086 2901 1244 2960 velocitas:

200 2989 238 3044 30
250 3003 345 3086 neque
360 2987 476 3056 homini,
491 3007 585 3064 neque
601 2990 688 3062 ferae,
703 3012 791 3069 quam
805 2991 1012 3068 conspexerint,
1025 3001 1158 3065 parcunt.
1181 2989 1245 3049 Hes

251 3073 375 3132 studtose
401 3073 493 3132 foveis
515 3088 613 3153 captos
640 3082 826 3140 interficiunt.
868 3079 934 3138 Hoc
957 3099 994 3154 se
1012 3078 1110 3136 labore
1138 3079 1245 3139 durant

157 3197 161 3201 -
201 3175 203 3181 ·
252 3161 381 3264 homines
396 3163 600 3236 adolescentes,
616 3179 702 3244 atque
716 3172 770 3228 hoc
784 3189 891 3247 genere
905 3169 1063 3226 venationis
1083 3180 1220 3227 exercent
1233 3188 1242 3243 ;

252 3259 289 3321 et,
304 3268 354 3327 qut
369 3251 508 3328 plurimos
521 3269 557 3310 ex
572 3255 616 3312 his
631 3258 846 3330 interfecerunt,
859 3259 956 3317 relatis
970 3259 1000 3314 in
1015 3257 1165 3334 publicum
1180 3278 1243 3316 cor.

252 3342 346 3411 nibus,
368 3359 444 3417 quae
466 3343 523 3400 sint
545 3345 713 3417 testimonio,
739 3368 877 3426 magnam
900 3344 996 3407 ferunt
1017 3347 1144 3406 laudem.
1187 3347 1245 3406 Sed

201 3437 239 3492 35
254 3450 421 3490 assuescere
445 3432 482 3489 ad
505 3433 635 3492 homiues
659 3445 687 3492 at
711 3439 907 3508 mansuefieri,
928 3457 965 3496 ne
989 3438 1104 3516 parvuli
1128 3437 1245 3514 quidem

252 3522 373 3598 excepti,
389 3531 515 3598 possunt.
559 3523 729 3599 Amplitudo
744 3543 896 3598 cornuum,
912 3537 940 3586 et
960 3527 1065 3605 figura,
1081 3539 1109 3586 et
1123 3529 1244 3604 species,¹

253 3609 377 3669 multum
398 3630 416 3670 a
437 3622 598 3670 nostrorum
619 3614 706 3670 boum
720 3617 854 3674 cornibus
869 3615 972 3675 differt.
1014 3617 1099 3676 Haec
1119 3616 1244 3676 studiose

252 3703 415 3779 conquisita
428 3705 464 3762 ab
478 3703 567 3764 labris
581 3716 699 3784 argento
710 3709 953 3780 circumcludunt,
966 3720 1052 3788 atque
1063 3711 1094 3768 in
1106 3709 1244 3790 amplissi-

253 3792 308 3860 mis
322 3793 416 3882 epulis
430 3811 481 3884 pro
495 3797 606 3871 poculis
621 3807 753 3856 utuntur.
