2804 4312
163 243 202 300 16
513 245 556 290 DE
576 243 680 290 BELLO
696 242 838 288 GALLlOE
1070 241 1167 294 [Cani.
1179 245 1200 287 8.

211 385 296 444 facile
321 383 459 460 perpauci
482 381 632 457 probibere
647 389 775 455 possent:
806 378 930 436 alterum
945 396 996 453 per
1020 377 1201 436 Provinciam

209 481 343 539 nostram,
359 471 449 528 multo
461 469 576 528 facilius
590 479 675 543 etque
690 467 858 544 expeditius,
873 477 1023 544 propterea
1037 466 1112 542 quod
1126 466 1202 524 inter

207 561 281 618 fines
297 559 503 619 Helvetiorum
522 567 552 615 et
572 557 773 633 Allobrogum,
799 558 849 632 qui
876 575 972 631 nuper
995 555 1091 632 pacati
1108 565 1201 625 erant,

210 649 367 707 Rhodanus
378 649 453 717 lluit,
468 649 551 724 isque
566 647 712 704 nonnullis
733 647 805 704 locis
819 647 892 704 vado
905 647 1055 704 transitur.
1077 635 1200 702 'Extre-

172 743 195 795 5
208 758 289 796 mum
313 737 448 814 oppidum
471 738 663 814 Allobrogum
685 746 737 806 est,
760 738 979 812 proximumque
999 735 1201 793 Helvetiorum

206 829 323 897 finibuS,
340 827 470 886 Genera.
512 827 560 884 Ex
574 845 608 884 eo
628 823 732 903 oppido
751 843 821 902 pons
840 826 876 884 ad
897 825 1047 885 Helvetios
1067 825 1200 902 pertinet.

209 917 418 994 Allobrogibus
431 935 495 974 sese
510 916 557 974 vel
577 934 773 993 persuasuros,
788 915 864 992 quod
878 915 1005 972 nondum
1019 915 1092 972 bono
1104 915 1202 972 animo
1283 937 1285 944 '

209 1008 239 1064 in
260 1006 402 1083 Populum
424 1007 588 1064 Romanum
603 1005 778 1074 viderentur,
799 1004 1001 1062 existimabant
1012 1023 1022 1076 3
1044 1003 1091 1060 vel
1106 1004 1135 1060 vi
1155 1022 1201 1060 co-

208 1107 333 1168 acturos,
349 1107 380 1156 ut
394 1116 446 1175 per
459 1097 614 1156 suos-fines
627 1116 675 1154 eos
689 1097 732 1153 ire
745 1105 923 1175 paterentur.
957 1094 1101 1154 Omnibus
1114 1094 1203 1152 rebus

159 1192 197 1248 10
210 1189 248 1246 ad
267 1189 472 1266 profectionem
487 1189 668 1266 comparatis,
683 1187 760 1244 diem
781 1187 890 1257 dicunt,
905 1205 964 1263 qua
984 1187 1030 1244 die
1052 1186 1088 1244 ad
1109 1187 1202 1262 ripam

211 1279 343 1339 Rhodani
357 1299 457 1338 omnes
471 1280 661 1338 conveniant:
683 1278 709 1334 is
722 1277 783 1335 dies
797 1287 859 1335 erat
873 1297 901 1334 a.
913 1276 942 1333 d.
953 1295 985 1335 v.
1001 1275 1069 1334 Kal.
1081 1275 1203 1352 Aprilis,

211 1370 248 1429 L.
264 1370 376 1439 Pisone,
391 1372 431 1428 A,
448 1369 573 1428 Gabinio
586 1369 668 1427 Coss.

251 1459 319 1518 Vll.
341 1460 461 1518 Caesari
481 1479 572 1534 quum
596 1459 625 1516 id
647 1460 819 1516 nunciatum
840 1467 923 1527 esset,
944 1475 994 1515 eos
1014 1475 1066 1534 per
1087 1455 1204 1513 Provin-

210 1548 287 1604 ciam
300 1559 427 1604 nostram
441 1549 495 1603 iter
511 1545 607 1604 faeere
626 1548 733 1614 conari,
749 1555 876 1603 maturat
898 1547 934 1602 ab
956 1545 1028 1603 urhe
1050 1545 1203 1620 proficisci,

158 1644 198 1696 15
211 1645 248 1704 et,
271 1654 359 1709 quam
383 1634 518 1690 maximis
539 1643 629 1709 potest
649 1634 809 1702 itineribus,
835 1635 865 1688 in
891 1632 1019 1690 Galliam
1041 1633 1205 1690 ulteriorem

211 1722 363 1792 contendit,
382 1733 413 1779 'et
438 1721 473 1778 ad
499 1720 649 1778 Genavam
670 1722 811 1797 pervenit.
855 1721 1024 1779 Provinciae
1045 1721 1095 1778 toti
1114 1739 1205 1797 quam

212 1813 372 1872 maximum
393 1820 482 1886 potest
503 1810 627 1867 militum
641 1827 796 1870 numerum
817 1811 939 1885 imperat
953 1811 1029 1887 (erat
1042 1811 1158 1868 omnino
1172 1811 1204 1868 iu

212 1901 311 1960 Gallia
325 1901 460 1958 ulteriore
482 1899 559 1976 legio
573 1897 665 1976 una);
694 1908 817 1975 pontem,
831 1900 882 1974 qui
903 1910 966 1957 erat
985 1900 1023 1956 ad
1044 1899 1204 1971 Genavam,

210 1993 292 2067 jubet
307 1989 441 2048 rescindi.
484 1989 542 2047 Ubi
562 1988 598 2045 de
617 1989 682 2065 ejus
697 1987 822 2046 adventu
844 1988 971 2048 Helvetii
985 1991 1122 2048 certiores
1136 1989 1205 2048 sacti

159 2087 200 2140 20
213 2091 287 2150 eunt,
311 2079 420 2157 legatos
443 2079 569 2136 adeum
590 2079 716 2148 mittunt,
740 2078 930 2136 nobilissimos
953 2079 1097 2151 civitatis3
1119 2080 1205 2156 cujus

213 2170 364 2247 legationis
378 2169 522 2226 Nameius
541 2178 569 2226 et
583 2167 778 2226 Verudootius
798 2169 958 2244 principem
981 2168 1078 2226 locum
1098 2169 1205 2226 obtine-

213 2259 290 2328 bant,
305 2259 355 2334 qui
368 2258 506 2329 dicerent,
523 2259 584 2314 Sibi
599 2279 662 2316 esse
676 2259 707 2315 in
722 2258 826 2327 animo,
841 2258 902 2314 sine
918 2258 977 2316 ullo
992 2257 1135 2316 maleficio
1151 2259 1206 2316 iter

213 2367 266 2425 per
286 2348 468 2408 Provinciam
491 2348 597 2419 secere,
620 2358 770 2426 propterea
791 2347 867 2424 quod
891 2347 970 2405 aliud
992 2350 1047 2404 iter
1068 2348 1207 2406 heberent

213 2439 344 2497 nullum:
380 2457 491 2514 rogare,
520 2448 552 2496 ut
575 2439 644 2516 ejus
671 2437 817 2496 voluntate
845 2436 874 2493 id
901 2437 956 2494 sibi
984 2436 1080 2496 facere
1108 2437 1204 2496 liceat.

70 2575 73 2597 .
161 2535 201 2590 25
213 2529 331 2600 Caesar,
345 2529 421 2606 quod
436 2529 575 2587 memoria
588 2529 703 2586 tenebat
712 2526 749 2585 L.
759 2527 893 2585 Cassium
904 2527 1053 2584 consulem
1066 2528 1206 2596 occisum,

214 2621 430 2697 exercitumque
442 2619 506 2696 ejus
520 2619 557 2676 ab
571 2619 715 2677 Helvetiis
729 2617 845 2694 pulsum
856 2625 885 2674 et
893 2617 949 2674 sub
961 2617 1067 2693 jugum
1077 2618 1205 2686 missum,

214 2711 430 2788 eoncedendum
451 2729 508 2767 non
529 2710 665 2785 putabat:
694 2727 789 2783 neque
813 2709 941 2767 homines
963 2708 1081 2764 inimico
1102 2709 1206 2778 animo,

214 2798 282 2856 data
296 2797 433 2856 facultate
447 2816 499 2876 per
513 2798 697 2878 Provinciam
710 2799 822 2856 itineris
842 2797 976 2868 faciendi,
997 2805 1207 2873 temperaturos

214 2888 253 2944 ab
267 2887 375 2961 injuria
387 2897 416 2944 et
432 2887 576 2946 maleficio
596 2888 787 2945 existimabat.
830 2887 953 2958 Tamen,
968 2896 1000 2945 ut
1020 2887 1145 2964 epatium
1164 2887 1206 2943 in-

163 2981 203 3036 30
215 2976 364 3035 tercedcre
378 2986 479 3052 posset,
492 2976 564 3034 dum
578 2977 693 3047 milites,
707 2995 780 3053 quos
793 2977 995 3054 imperaverat,
1009 2977 1206 3046 convenirent,

215 3065 319 3142 legatis
339 3064 492 3140 respondit,
513 3063 600 3122 Diem
621 3085 652 3122 se
674 3065 709 3122 ad
726 3065 944 3125 deliberandum
957 3075 1160 3142 sumpturum
1182 3065 1207 3124 si

215 3155 285 3230 quid
299 3153 414 3222 vellent,
430 3172 456 3210 a.
473 3153 501 3210 d.
518 3152 586 3211 Idus
601 3154 713 3230 Aprilis
726 3165 949 3214 reverterentur.

255 3242 338 3302 VIII.
360 3241 475 3300 Interea
488 3261 524 3299 ea
538 3243 661 3320 legione,
675 3261 765 3318 quam
787 3264 888 3304 secum
908 3245 1041 3315 habebat,
1056 3244 1207 3302 militibus·

215 3353 282 3412 que,
297 3333 348 3410 qui
360 3351 397 3390 er
417 3331 572 3390 Provincia
591 3342 796 3402 convenerant,
812 3353 830 3390 a
849 3335 918 3393 lecu
932 3334 1092 3404 Lemanno,
1107 3336 1157 3411 qui
1177 3336 1209 3392 in

163 3431 202 3488 35
216 3427 324 3484 flumen
347 3422 519 3480 Rhodanum
541 3422 644 3491 influit,
664 3421 700 3478 ad
719 3431 844 3480 montem
865 3423 977 3495 Jurem,
992 3425 1043 3502 qui
1065 3424 1137 3482 fines
1158 3425 1208 3482 Se·

215 3533 376 3592 quanornm
391 3513 427 3570 ab
435 3511 578 3570 Helvetiis
588 3511 697 3581 dividit,
707 3511 799 3568 millia
814 3531 952 3588 passuum
966 3515 1066 3574 decem
1081 3535 1207 3586 murum,

215 3605 246 3662 in
261 3604 439 3662 altitudinem
451 3601 702 3679 pedumsedecim‚
715 3600 877 3676 fossamque
889 3603 1030 3677 perducit.
1068 3605 1113 3664 Eo
1124 3623 1209 3682 opere

216 3693 351 3770 perfeeto,
367 3694 509 3771 praesidia
528 3693 659 3772 disponit,
678 3691 799 3752 castella
819 3694 987 3764 communit,
1002 3713 1060 3771 quo
1083 3694 1208 3762 facilius,

214 3782 241 3838 si
263 3801 294 3840 se
315 3784 404 3842 invito
430 3785 553 3844 transire
576 3793 760 3854 conarentur,
783 3783 932 3860 prohibere
954 3785 1050 3860 possit.
1094 3783 1152 3840 Ubi
1173 3801 1208 3838 ea
