2804 4312
189 277 230 340 52
539 281 583 330 ns
602 279 707 328 senno
722 277 865 326 eunuco
1075 273 1226 328 [creusa

282 421 394 482 XXVI.
416 418 534 492 Caesar,
543 438 634 496 quum
648 417 798 495 septimam
812 415 965 493 legionem,
979 429 1055 490 quae
1067 411 1151 487 juxta
1164 429 1231 470 con·

241 514 362 586 stiterat,
372 515 441 570 item
452 512 550 588 urgeri
559 510 595 568 ab
609 509 688 566 hoste
698 507 823 574 vidisset,
835 506 965 562 tribunos
974 503 1098 560 militum
1112 502 1231 571 monuit,

242 603 428 680 utpaulatim
441 621 505 660 sese
519 602 648 678 legiones
669 597 886 674 conjungerent,
902 605 931 653 et
950 611 1092 652 conversa
1105 594 1189 670 signa
1202 593 1235 674 Ilr

242 692 339 749 hostes
350 691 500 750 inferrent.
543 690 611 756 Quo
625 687 710 757 sacto,
725 705 817 762 quum
838 685 913 744 elius
934 685 984 742 alii
1003 683 1163 741 subsidium
1178 682 1233 740 fer-

210 781 316 851 ⁵rent,
331 800 425 858 neque
446 782 590 848 timerent,
605 795 642 836 ne
665 777 760 834 aversi
782 775 819 832 ab
839 776 919 832 hoste
942 773 1232 842 circumvenirentur,

243 870 384 948 audacius
407 870 541 928 resistere
566 887 602 926 ac
626 865 727 924 lortius
749 882 879 944 pugnare
906 871 1073 940 coeperunt.
1115 860 1233 920 Interim

242 961 348 1018 milites
361 958 509 1037 legionum
522 958 657 1027 duarum,
666 973 742 1032 quae
752 956 783 1011 in
797 954 951 1014 novissimo
966 952 1081 1029 agmine
1093 950 1234 1028 praesidio

242 1049 452 1126 impedimentis
475 1046 599 1116 fuerant,
624 1045 733 1124 proelio
757 1044 904 1114 nunciato,
932 1060 1022 1102 cursu
1047 1041 1174 1110 incitato,
1202 1041 1233 1096 in

243 1157 355 1196 summo
377 1138 451 1196 colle
467 1138 503 1198 ab
517 1138 646 1194 hostibus
666 1134 927 1210 conspiciebantur.
968 1131 1006 1196 Et
1021 1130 1059 1189 T.
1077 1129 1232 1192 Labienus,
1331 1139 1335 1146 '

193 1227 230 1284 10
243 1229 346 1286 cestris
359 1228 482 1286 hostium
497 1228 609 1304 potitus,
618 1236 646 1284 et
654 1244 691 1282 ex
706 1225 769 1282 loco
782 1224 938 1300 superiore,
948 1239 1023 1298 quae
1032 1220 1116 1278 resin
1131 1219 1234 1277 nostris

243 1319 347 1376 castris
366 1327 547 1394 gererentur,
569 1317 761 1393 conspicatus,
779 1313 922 1372 decimam
943 1313 1086 1388 legionem
1108 1309 1235 1367 subsidio

243 1408 346 1465 nostris
360 1408 446 1466 misit.
488 1407 559 1477 Qui,
574 1425 665 1483 quum
679 1425 715 1463 ex
735 1405 864 1480 equitum
886 1412 914 1460 et
935 1401 1070 1460 calonum
1085 1400 1163 1477 fuga,
1177 1417 1235 1476 quo

243 1498 274 1553 In
288 1497 351 1555 loco
366 1516 413 1554 res
426 1505 510 1566 esset,
525 1505 693 1572 quantoque
712 1495 742 1550 in
756 1491 886 1568 periculo
906 1501 935 1549 et
955 1501 1051 1548 castra
1065 1499 1093 1548 et
1107 1491 1236 1567 legiones

243 1593 273 1640 et
286 1586 441 1659 imperator
454 1594 628 1652 versaretur,
638 1583 846 1658 cognovissent,
854 1581 925 1636 nihil
941 1579 977 1636 ad
992 1579 1170 1636 celeritatem
1180 1579 1236 1636 sibi

194 1672 230 1728 15
244 1671 505 1746 reliqui‘secerunt.

284 1758 408 1816 XXVII.
431 1757 545 1814 Horum
554 1757 680 1814 adventu
690 1765 769 1812 tanta
780 1771 878 1812 rerum
887 1755 1074 1813 commutatio
1088 1765 1132 1812 est
1147 1754 1235 1827 fecta,

244 1857 276 1905 ut
290 1847 387 1916 nostri,
402 1847 489 1903 etiam
509 1847 560 1920 qui
575 1843 744 1902 vulneribus
763 1843 886 1901 confecti
901 1844 1129 1920 procubuissent,
1144 1847 1237 1905 scutis

243 1936 344 2004 innixi,
369 1934 511 2011 proelium
539 1933 787 2009 redIntegrarent3
823 1941 886 1990 tum
913 1934 1040 2003 calones,
1070 1935 1235 2010 perterritos

244 2025 338 2081 hostes
352 2023 517 2099 conspicati,
533 2024 621 2080 etiam
632 2023 756 2079 inermes
767 2023 885 2080 armetis
894 2034 1100 2097 occurrerent;
1123 2025 1236 2100 equites

191 2111 232 2166 20
245 2131 321 2183 vero,
338 2123 369 2170 ut
382 2111 589 2189 turpitudinem
604 2110 690 2188 fugae
704 2111 810 2170 virtute
824 2111 961 2183 delerent,
973 2113 1106 2171 omnibus
1119 2114 1150 2170 in
1164 2115 1236 2172 locis

244 2221 359 2280 pugnae
369 2221 400 2260 se
411 2197 577 2280 legionariis
591 2201 729 2260 militibus
743 2200 932 2278 praeferrent.
975 2203 1017 2260 At
1031 2203 1135 2273 hostes,
1147 2205 1235 2262 etiam

243 2294 274 2350 in
283 2302 411 2351 extrema
419 2310 470 2368 spe
484 2291 594 2362 salutis,
603 2302 713 2372 tantam
721 2291 857 2350 virtutem
869 2292 1081 2370 praestiterunt,
1092 2304 1132 2364 ut,
1144 2313 1236 2372 quum

244 2383 329 2459 primi
342 2399 443 2439 eorum
456 2380 635 2450 cecidissent,
651 2381 773 2458 proximi
785 2381 950 2457 jacentibus
963 2383 1136 2453 insisterent,
1149 2397 1236 2459 etque

243 2489 281 2529 ex
301 2486 401 2530 eorum
422 2471 588 2546 corporibus
602 2480 782 2547 pugnarent;
812 2471 857 2528 his
870 2469 990 2547 dejectis
1010 2480 1038 2529 et
1058 2473 1235 2530 coacervatis

190 2559 231 2614 25
244 2561 443 2631 cadaveribus,
467 2560 518 2637 qui
539 2570 732 2638 superessent,
756 2570 788 2620 ut
802 2580 838 2618 ex
859 2561 980 2631 tumulo,
1002 2563 1061 2619 tela
1082 2562 1112 2619 in
1126 2572 1236 2620 nostros

145 2721 153 2730 ι
244 2651 420 2727 conjicerent
434 2659 462 2708 et
476 2649 535 2728 pila
549 2651 708 2727 intercepta
719 2651 912 2708 remitterent:
934 2661 1031 2710 utnon
1040 2653 1236 2728 nequidquam

243 2750 340 2798 tentae
354 2740 468 2798 virtutis
488 2739 618 2800 homines
639 2739 767 2816 judicari
787 2739 904 2799 deberet
924 2759 1009 2799 ausos
1029 2759 1092 2800 esse
1112 2742 1235 2798 transire

244 2827 416 2885 latissImum
430 2829 547 2898 flumen,
563 2829 718 2886 ascendere
732 2829 888 2888 altissimas
902 2830 987 2908 ripas,
1003 2831 1102 2888 subire
1116 2831 1234 2905 Iniqms-

149 2989 151 2994 .
244 2915 350 2972 slmum
364 2915 480 2972 locum:
501 2934 577 2990 quae
592 2917 690 2975 facilia
711 2937 748 2976 ex
767 2917 946 2979 difficillimis
966 2919 1055 2976 culmi
1069 2919 1236 2996 magnitudo

193 3002 232 3057 30
245 3002 406 3078 redegerat.

286 3089 424 3148 XXVIII.
447 3089 512 3149 Hoc
537 3094 646 3168 proelio
668 3094 753 3167 fecto,
782 3108 811 3158 et
835 3117 923 3175 prope
948 3098 983 3156 ad
1009 3099 1235 3157 iutemeoionem

244 3187 330 3256 gente
345 3197 380 3236 ac
393 3181 508 3237 nomine
523 3180 701 3241 Nerviorum
716 3186 840 3257 redacto,
855 3188 979 3265 majores
989 3198 1069 3260 natu,
1084 3207 1155 3264 quos
1176 3207 1236 3246 uua

245 3285 313 3324 eum
334 3267 431 3343 pueris
452 3269 679 3345 mulieribusque
699 3273 730 3330 in
745 3279 890 3335 aestuaria
909 3297 945 3335 ao
959 3277 1079 3354 paludes
1098 3278 1235 3336 collectos

245 3356 420 3426 dixeramus,
435 3357 490 3414 hac
504 3375 605 3434 pugna
619 3363 767 3432 nunciata,
781 3383 873 3438 quum
887 3367 1046 3425 victoribus
1052 3367 1131 3424 nihil
1145 3368 1234 3443 impe-

194 3447 232 3503 35
245 3447 345 3517 ditum,
360 3447 445 3504 victis
464 3447 536 3504 nihil
558 3457 652 3506 tutum
674 3452 892 3526 arbitrarentur,
913 3458 1051 3526 omnium,
1066 3457 1117 3534 qui
1135 3475 1234 3532 super·

245 3547 336 3608 erant,
364 3554 507 3596 consensu
534 3535 644 3614 legatos
669 3538 704 3596 ad
732 3529 888 3602 Caesarem
916 3547 1065 3616 miserunt,
1090 3563 1179 3621 seque
1206 3547 1235 3602 ei

244 3625 434 3700 dediderunt3
463 3636 500 3697 et,
523 3627 553 3684 in
575 3629 826 3687 commemoranda
848 3634 973 3692 civitatis
994 3635 1169 3705 calamitate,
1197 3653 1234 3692 ex

244 3733 280 3773 nc
295 3716 546 3787 ad111'senatores,
569 3733 605 3774 ex
626 3717 775 3776 hominum
798 3720 926 3781 millibus
948 3742 987 3782 nx
1008 3726 1058 3781 vix
1078 3723 1113 3781 ad
1135 3742 1163 3794 n,
1183 3724 1234 3798 qui

246 3820 326 3860 arma
352 3803 428 3862 terre
455 3819 578 3884 possent,
606 3827 669 3868 sese
697 3807 827 3868 redactos
860 3829 924 3872 asae
951 3812 1096 3874 dlxerunt.
1151 3811 1234 3879 Quos
