2804 4312
424 699 464 773 Ο.
496 700 634 774 JUlll
665 703 906 780 cluseris

270 934 1046 1039 COMMertRIttRUM

367 1191 437 1256 DE
475 1193 659 1260 BELLO
695 1197 951 1262 GALLICO

546 1397 689 1458 LIBER
712 1400 772 1460 IV.

471 1609 833 1624 Ἢ

507 1781 807 1824 Inflammata.
846 1799 851 1809 ·

193 1889 251 1938 Car.
264 1889 284 1938 1.
302 1889 411 1956 Usipetes
429 1895 453 1938 et
464 1889 612 1938 'leuchtheri
631 1891 756 1949 Gennaai,
771 1897 841 1940 metu
858 1893 1000 1951 Suevorum,
1017 1909 1092 1942 noras
1109 1895 1153 1944 eibi

161 1965 229 2013 redu
240 1965 264 2014 in
276 1965 362 2013 Gallia
371 1972 505 2027 quaeruntr
523 1965 564 2012 lv.
581 1965 754 2028 Menapioeque
771 1966 857 2015 stelbns
868 1969 998 2030 expellunt
1031 1968 1074 2017 Vl.
1091 1969 1152 2018 Indo

162 2041 193 2088 ad
213 2039 337 2089 Eburones
356 2046 381 2088 et
396 2040 532 2088 Gondmsos
547 2042 664 2098 translati,
684 2057 700 2088 s
717 2041 831 2099 Caesam,
848 2041 906 2092 Xll.
923 2043 1033 2106 quemvis
1050 2043 1152 2105 primum

161 2117 262 2176 equestri
272 2131 354 2180 pugne
364 2117 503 2178 superiores,
520 2113 572 2162 XV.
583 2123 636 2177 poet
649 2122 732 2165 tamen
744 2118 827 2166 caetris
845 2125 980 2166 exuuntur:
997 2133 1028 2167 ec
1039 2119 1152 2180 reliquiae

162 2191 192 2238 sd
200 2191 336 2254 Sigambros
348 2198 414 2238 tram
425 2189 539 2238 Rhenum
551 2207 576 2237 se
588 2193 711 2253 recipiunt
743 2192 825 2240 XVII.
842 2192 933 2240 Caesar
944 2194 1059 2242 fabricato
1070 2199 1151 2254 ponte,

161 2263 256 2312 XVIII.
284 2264 398 2314 Rhenum
418 2266 519 2326 transit;
548 2265 690 2329 Sigambros
706 2268 838 2315 ulciscitur:
870 2265 938 2314 XIX.
964 2266 1038 2316 UbIoe
1062 2267 1151 2316 tuerat

161 2337 228 2386 XXI.
245 2341 305 2387 Inde
317 2341 340 2388 in
353 2341 458 2388 Galliam
469 2355 584 2397 reversus,
602 2339 697 2389 XXIII.
715 2357 728 2390 e
741 2341 841 2390 Morinis
852 2343 876 2388 lu
885 2341 1034 2390 Britanniam
1046 2341 1150 2403 trajicit:

161 2411 250 2461 XXIV.
267 2422 338 2476 atque
358 2431 429 2480 uegm
449 2417 473 2463 in
490 2421 578 2463 terram
595 2418 699 2477 exposito
715 2417 830 2470 exercitu,
847 2413 952 2462 xxvu.
968 2417 1058 2462 inooles
1074 2417 1099 2463 itt
1110 2417 1151 2464 de·

160 2489 273 2538 ditionem
285 2491 378 2552 accipit
411 2489 488 2537 XXX.
500 2487 647 2548 Quitamen‚
655 2492 717 2552 quod
726 2490 845 2538 ¹afflictam
857 2495 1001 2550 tempestate
1013 2488 1150 2538 &monam

160 2565 270 2622 cluam,
282 2567 462 2626 equitatumque
477 2565 567 2625 abeno,
578 2567 693 2622 viderent,
711 2565 811 2614 salmati
828 2563 951 2610 rebellant
984 2561 1084 2610 XXXV.
1101 2563 1151 2610 Seri

160 2639 238 2688 denuo
248 2641 350 2697 subacti,
367 2639 481 2688 XXXVI.
498 2641 589 2688 obsides
600 2642 715 2701 trudunt3
731 2639 869 2702 Caesarque
881 2639 905 2685 in
917 2637 1022 2685 Galliam
1034 2637 1101 2684 redit.

199 2765 222 2822 l.
254 2765 312 2835 Er,
327 2783 402 2841 quoe
423 2776 525 2824 secuta
545 2777 597 2837 est,
614 2767 718 2835 hieme,
733 2765 784 2841 qui
806 2763 860 2820 luit
881 2779 976 2819 annus
996 2762 1051 2820 Ca.
1068 2761 1148 2820 Pom-

160 2856 231 2930 peio,
248 2854 289 2910 M.
305 2854 410 2912 Crasso
423 2855 515 2924 Coss,
532 2856 664 2932 Usipetes
679 2854 827 2922 Germani,
840 2863 867 2912 et
882 2853 950 2910 item
962 2851 1148 2924 Teaolttheri,

160 2963 266 3020 magne
279 2963 348 3015 oum
368 2945 550 3002 multitudine
569 2946 726 3013 hominum,
746 2945 854 3002 ilumen
875 2943 1009 3000 Rhenum
1030 2945 1148 3002 transie-

160 3045 235 3102 runt,
249 3051 306 3090 non
329 3034 413 3109 longe
436 3051 453 3089 a
474 3035 557 3103 mari,
572 3051 629 3108 quo
644 3033 766 3091 Rhenus
784 3033 888 3090 influit.
930 3033 1027 3094 causa
1040 3043 1147 3092 transe-

160 3122 229 3179 undi
251 3121 313 3192 fuit,
335 3123 420 3198 quod,
436 3123 472 3180 ab
491 3122 596 3180 Sacris
616 3115 780 3198 complures
801 3141 890 3181 annos
911 3123 1058 3200 exagitas,
1074 3123 1180 3184 bellot)

159 3213 371 3286 premebantur,
386 3221 415 3268 et
429 3211 610 3287 agriculture
626 3211 858 3287 prohibebantur,
899 3213 1062 3271 Suevorum
1076 3233 1148 3291 gens

158 3310 201 3356 est
222 3300 308 3376 louge
332 3301 460 3357 maxima
481 3311 510 3358 et
532 3301 749 3358 bellicosissirrua
772 3301 984 3360 Germanorum
1005 3304 1145 3359 omnium.

158 3387 198 3444 Hi
212 3399 331 3446 centum
347 3409 435 3467 pagos
455 3391 562 3447 hebere
575 3389 720 3459 dicuntur,
735 3409 771 3448 ex
792 3392 897 3467 quibus
916 3391 1069 3466 quotannis
1090 3390 1146 3446 sin-

156 3477 227 3553 gula
249 3477 342 3535 millio
364 3489 540 3536 armatorum
563 3479 689 3536 bellandi
710 3497 800 3536 aalma
821 3499 856 3538 er
877 3480 983 3537 finibus
1007 3477 1145 3533 educunt.

157 3565 284 3642 Reliqui,
299 3568 350 3643 qui
364 3567 439 3625 domi
453 3569 620 3638 manserint,
635 3587 666 3626 se
681 3578 767 3643 utque
779 3567 844 3626 illas
858 3569 948 3626 alunt.
990 3563 1031 3621 Hi
1045 3581 1147 3620 rursus
1162 3568 1198 3622 1⁰
1250 3634 1259 3644 ἡ

157 3655 186 3711 in
200 3656 297 3714 vioem
312 3675 386 3714 anno
400 3667 460 3734 post
475 3658 504 3714 io
526 3660 613 3715 errnis
634 3667 720 3729 sunt;
743 3657 787 3713 illi
804 3655 880 3712 domi
894 3659 1054 3711 remanent.
1096 3651 1147 3710 Sic

156 3761 251 3821 neque
266 3745 456 3822 agricultura,
472 3765 526 3805 nec
548 3747 620 3805 retio
641 3757 728 3821 atque
750 3763 820 3800 usus
843 3741 921 3809 belli,
937 3737 1145 3798 intermittitur.

156 3831 213 3890 Sed
228 3835 332 3909 privati
347 3853 381 3898 oo
395 3837 520 3912 separati
539 3836 602 3912 agri
616 3834 692 3910 apud
706 3851 755 3890 eos
769 3831 840 3888 nilril
854 3839 907 3898 est,
922 3845 1017 3903 aeque
1032 3827 1146 3907 longius
