2826 4336
169 295 323 350 cnseo]
431 357 434 364 Ι
565 295 664 348 nunu
679 295 845 344 serenos
1153 291 1212 350 lon

166 434 284 496 otieris
298 433 465 493 armerum
484 432 601 510 pedites,
620 434 671 510 qui
690 435 832 512 intereos
853 434 988 511 proeliari
1005 453 1160 497 oonsueve·
1198 447 1201 452 ’

169 534 243 582 rent.
285 523 399 580 Eorum
413 522 548 596 sdveutu,
563 525 639 598 quod
653 525 751 582 miuus
763 525 871 582 idoneis
890 526 974 600 equis
993 526 1159 597 utebantur,

169 633 187 670 s
201 613 325 673 tribunis
338 613 462 670 militum
478 613 665 688 reliquisque,
679 614 730 670 sed
744 624 773 671 et
788 614 943 690 Equitibus
963 615 1103 672 Romanis
1117 626 1159 674 st·

169 721 226 780 que
241 703 376 771 evooetis,
392 720 482 777 equos
495 703 592 771 sumit,
609 701 822 782 Germanisque
835 705 992 762 distribuit,
1058 721 1062 729 ’
1093 741 1096 748 ,

211 790 326 850 LXVI,
343 790 466 860 Interes,
487 790 556 848 dum
579 791 652 850 hseo
674 803 825 868 geruntur,
849 793 973 852 hostium
996 795 1099 870 oopiee
1124 803 1196 858 err5

171 881 324 949 Arverno,
338 881 517 956 equitesque,
532 882 583 955 qui
597 882 647 938 tou'
662 881 779 940 Gellius
793 893 876 940 erunt
895 884 1038 960 imperati,
1058 903 1162 944 eonve-

171 971 264 1029 niunt,
307 969 414 1046 Magno
425 971 528 1031 horum
538 980 639 1030 eoeoto
649 987 779 1040 numero,
791 989 882 1048 quum
890 971 1001 1032 Cnoson
1011 975 1041 1030 in
1052 974 1162 1050 Seque·

171 1078 223 1118 nos
243 1079 295 1136 per
314 1069 457 1118 extremos
477 1058 643 1135 Lingonum
665 1060 737 1119 fines
756 1062 813 1118 iter
834 1061 953 1131 ssoeret,
968 1081 1026 1139 quo
1047 1061 1165 1120 facilins

171 1151 332 1207 subsidium
347 1149 516 1208 Provinciae
532 1149 601 1206 ferri
617 1161 719 1226 posset,
735 1152 853 1208 oiroiter
867 1151 960 1208 millio
980 1171 1120 1228 passuum
1142 1170 1163 1210 1
1237 1215 1241 1222 ⁴

172 1240 208 1298 eb
229 1240 368 1300 Romanis
386 1241 469 1299 trinis
488 1241 590 1298 nestris
610 1239 834 1316 Vemingetorix
853 1241 981 1298 oonsedit
991 1261 1000 1312 ;
1023 1259 1162 1298 oonvooe·
1179 1247 1216 1302 10

171 1332 265 1405 tisque
279 1330 315 1390 ad
329 1329 488 1388 eonsilium
501 1329 656 1406 preeieotis
674 1331 814 1403 equitum,
830 1329 954 1388 Venisse
972 1339 1087 1405 tempus
1104 1331 1164 1386 vio-
1203 1399 1208 1408 Ι

171 1421 261 1478 torise
270 1419 465 1480 demonstret:
488 1419 590 1496 fugere
602 1421 632 1478 in
644 1417 828 1476 Provinoism
840 1419 994 1491 Romanos,
1007 1417 1166 1494 Gallisque

172 1509 330 1566 excedere:
352 1509 380 1566 id
395 1507 449 1566 sibi
471 1509 506 1566 ed
524 1518 706 1584 praesentem
720 1508 904 1566 obtinendem
918 1507 1079 1566 libertatem
1093 1509 1164 1565 setis
1182 1563 1187 1572 ,

171 1617 255 1670 esse3
272 1598 307 1656 ed
324 1598 427 1674 reliqui
441 1585 577 1676 temporis
592 1616 695 1673 psoem
711 1609 798 1674 etque
812 1599 903 1656 otium
913 1615 1025 1672 *perum
1044 1597 1162 1673 profioi:

172 1689 329 1763 majoribus
343 1689 421 1745 enim
440 1689 550 1749 enectis
568 1688 660 1764 copiis
678 1705 855 1756 reversuros,
872 1705 966 1764 neque
986 1687 1074 1744 finem
1093 1687 1215 1750 belli15

173 1777 309 1839 feoturos.
336 1815 339 1823 ·
352 1777 474 1836 Proinde
490 1779 607 1854 agmine
623 1776 773 1852 impeditos
789 1776 966 1834 adoriantur.
1009 1777 1041 1834 Si
1056 1772 1166 1852 pedites

172 1869 234 1926 suis
252 1868 394 1934 auxilium
414 1865 517 1945 ferunt,
533 1876 621 1942 etque
640 1867 670 1922 iu
689 1885 724 1924 eo
739 1876 896 1936 morentur,
912 1867 968 1926 iter
987 1867 1092 1924 oonlioi
1107 1884 1165 1924 uon

172 1975 274 2033 posse;
295 1958 329 2026 si,
345 1957 388 2034 (id
402 1956 479 2032 quod
494 1958 587 2033 magis
605 1954 735 2014 futurum
751 1955 900 2034 conliden)
916 1957 1026 2014 reliotis
1044 1955 1164 2031 impedi·

172 2048 284 2115 mentis,
298 2066 371 2106 sune
385 2047 472 2110 saluti
487 2046 650 2114 oonsulsnt,
661 2055 690 2102 et
705 2062 760 2104 usu
776 2064 874 2108 rerum
889 2047 1120 2104 oeeesserierum
1134 2055 1168 2102 et

171 2135 310 2213 dignitate
325 2135 478 2212 spoliatum
492 2136 539 2192 iri.
571 2135 662 2194 'Nem
676 2135 711 2194 de
726 2135 872 2211 equitibus
886 2125 1020 2205 hostium,
1031 2135 1103 2212 quio
1114 2153 1164 2191 ne·
1176 2143 1219 2200 20

173 2244 219 2284 mo
232 2241 332 2283 eorum
344 2225 475 2302 progredi
486 2224 660 2282 modoextre
671 2244 775 2302 agmen
785 2225 900 2294 sudent,
912 2244 950 2282 ne
960 2225 1036 2300 ipsos
1046 2224 1165 2300 quidem

172 2314 277 2375 debere
291 2313 433 2374 dubitare.
475 2313 506 2372 Id
519 2333 576 2390 quo
589 2314 698 2388 majore
710 2313 818 2375 leoient
829 2315 935 2381 animo,
947 2315 1046 2388 eopiss
1059 2333 1091 2372 se
1106 2332 1165 2370 om-

172 2421 223 2462 nes
238 2421 289 2479 pro
303 2404 405 2460 nostris
419 2404 594 2472 habiturum,
610 2414 639 2461 et
653 2405 754 2460 terrori
769 2403 898 2466 hostibus
909 2400 1050 2460 futurum.
1092 2401 1166 2458 Con.

172 2494 300 2550 clement
313 2493 424 2568 equites
438 2493 625 2550 Seuerissimo
636 2491 828 2568 jurejurando
842 2489 1009 2548 ooofirmari
1022 2501 1165 2564 oportere,

172 2601 209 2640 ns
222 2592 298 2640 teoto
312 2583 477 2657 recipietur,
493 2599 529 2640 oe
549 2582 584 2640 ed
599 2582 713 2652 liberos,
729 2600 765 2637 ne
785 2579 821 2637 od
841 2588 983 2656 petentes,
999 2595 1036 2634 ne
1056 2577 1092 2639 ed
1114 2597 1166 2636 ux·
1178 2587 1224 2642 2&

172 2689 252 2730 orem
267 2670 377 2728 editum
392 2669 506 2741 hebent,
520 2671 571 2749 qui
585 2690 641 2732 non
656 2671 699 2728 bis
714 2689 766 2748 per
779 2670 903 2728 hostium
916 2685 1020 2748 agmen
1036 2668 1166 2746 perequi-

173 2762 249 2818 terit.
737 2810 740 2820 ,
1089 2809 1092 2812 .

213 2847 339 2911 LXVII,
350 2849 487 2908 -Probote
501 2867 542 2919 re,
558 2859 645 2926 etque
658 2849 793 2912 omnibus
807 2847 843 2906 ed
860 2847 1067 2924 jusjurandum
1082 2839 1166 2908 odeo-

173 2941 219 3010 tis,
234 2950 346 3016 postero
356 2939 403 2998 die
418 2941 447 2996 in
462 2931 522 2998 tres
536 2950 633 3016 portes
646 2937 799 3001 distributo
807 2939 946 3014 equitatu,
959 2938 1034 2998 duee
1045 2959 1076 2998 se
1088 2939 1168 2998 eoies

174 3031 211 3088 sb
224 3030 337 3089 duobus
348 3029 491 3088 lateribus
504 3029 676 3091 ostendunt:
699 3049 758 3088 une
777 3047 796 3086 o
810 3029 901 3105 primo
915 3031 1031 3107 agmine
1045 3031 1101 3088 iter
1110 3031 1166 3092 nn·
1180 3041 1222 3096 ad

174 3120 272 3196 pedire
286 3120 390 3194 eoepit.
432 3119 502 3184 Qua
516 3136 548 3176 re
566 3120 713 3187 nunoiete,
728 3118 839 3178 Caesar
857 3137 944 3176 suum
958 3138 1072 3196 quoque
1087 3121 1167 3195 equi-

173 3209 434 3284 tatum„tripertito
447 3208 582 3276 divisum,
595 3207 636 3264 ire
648 3217 748 3264 oontre
759 3207 869 3267 hostem
880 3209 973 3284 jubet.
1016 3209 1168 3287 Pugnatur

176 3315 234 3356 une
247 3309 318 3356 tuno
332 3299 466 3362 omnibus
480 3299 510 3360 in
524 3298 671 3374 pertibus:
692 3297 823 3356 oonsistit
837 3318 957 3376 agmen:
980 3301 1168 3374 impedimen·

173 3399 204 3450 ta
216 3391 293 3448 inter
306 3390 435 3466 legiones
450 3389 640 3464 recipiuntur.
682 3389 714 3445 Si
725 3407 783 3463 que
797 3390 828 3448 in
840 3399 922 3466 parte
934 3390 1023 3446 nostri
1035 3389 1169 3447 laborare

175 3491 225 3538 nut
239 3481 361 3557 gravius
375 3481 466 3554 premi
481 3479 663 3546 videbantur,
678 3499 713 3539 eo
723 3479 807 3554 signs
821 3479 922 3536 inferri
937 3478 1047 3536 Caesar
1062 3473 1167 3532 soient·
1180 3481 1224 3539 35

174 3587 231 3646 quo
251 3569 382 3628 conuerti
403 3568 543 3644 jubebat:
564 3587 640 3643 quse
661 3585 708 3625 res
729 3577 757 3624 et
778 3568 873 3626 hostes
895 3566 932 3624 ed
956 3561 1167 3636 insequendum

174 3657 315 3726 tondebat,
330 3667 360 3714 et
376 3667 488 3716 nostros
505 3676 556 3734 spe
575 3657 677 3714 auxilii
697 3656 897 3722 oonlirmebst.
940 3649 1074 3710 Tandem
1094 3649 1172 3709 Gen.

175 3748 254 3812 meni
269 3747 306 3806 eb
320 3747 421 3807 dextro
434 3745 538 3814 latere,
549 3763 696 3808 summum
708 3745 814 3819 jugum
829 3743 916 3809 neoti,
932 3739 1027 3796 hostes
1042 3735 1106 3796 looo
1119 3739 1168 3801 de.

175 3837 310 3916 pellunt5
334 3834 479 3912 fugientes
497 3853 591 3911 usque
610 3834 647 3894 ed
662 3835 780 3900 flumen,
796 3831 846 3891 ubi
860 3825 1085 3903 vercingetorix
1099 3845 1170 3891 num
