2826 4336
179 309 241 368 tna
541 313 860 364 cunsumcsncrco
1073 311 1220 368 [cn-rora

228 465 316 532 atque
336 456 413 514 lianc
436 456 530 531 adepti
545 454 705 522 victoriam,
720 453 750 510 in
772 460 943 528 perpetuum
964 469 996 508 se
1018 449 1079 508 iore
1097 451 1223 510 victores

228 546 418 604 confidebant.

266 634 334 693 XL.
358 635 514 694 Mittuntur
528 633 563 691 ad
577 632 735 690 Caesarem
750 630 902 689 confestim
916 649 934 688 a
946 630 1089 689 Cicerone
1099 630 1219 702 *brerae

227 725 341 801 magnis
353 725 507 800 propositis·
517 723 662 800 praemiis,
673 723 698 780 si
709 721 903 799 pertulissent.
937 720 1074 780 Obsessis
1086 722 1220 786 omnibus

196 814 291 884 oviis,
307 815 386 874 missi
400 813 632 890 intercipiuntur.
674 811 773 870 Noctu
797 829 835 868 ex
855 811 1035 881 comatoria,
1050 829 1138 886 quam
1158 831 1221 870 mu·

225 906 342 964 nitionis
366 924 457 964 causa
481 913 740 982 comportaverant,
764 912 861 962 turres
884 901 1038 962 admodum
1060 921 1119 962 cxx
1142 904 1220 960 cxci.

225 1003 326 1054 tantur
345 994 508 1054 incredibili
532 993 699 1052 celeritate:
719 1012 795 1068 quae
816 993 916 1051 deesse
937 994 1016 1069 operi
1036 993 1218 1062 videbantur,

227 1085 426 1160 perficiuntur.
468 1083 574 1142 Hostes
601 1091 711 1160 postero
739 1083 794 1152 die,
823 1082 914 1140 multo
940 1082 1096 1158 majeribus
1129 1083 1220 1158 copiis

226 1177 345 1245 mactis,
373 1185 470 1233 castra
496 1183 671 1251 oppugnant,
701 1171 807 1230 fossam
832 1173 987 1250 complent.
1039 1172 1088 1230 Ab
1115 1173 1221 1230 nostris

177 1263 330 1328 maden:
355 1265 475 1334 ratione,
500 1281 559 1339 que
586 1263 687 1340 pridie,
714 1263 873 1321 resistitur:
901 1263 957 1320 hoc
983 1261 1060 1320 idem
1085 1260 1222 1339 deinceps

227 1354 349 1433 reliquis
362 1357 395 1414 fit
408 1356 520 1414 diebus.
562 1353 656 1412 Nulla
670 1373 737 1430 pars
751 1355 883 1412 nocturni
896 1354 1034 1430 temporis
1044 1352 1080 1410 ad
1094 1353 1221 1410 laborem

227 1444 443 1504 intermittitur:
471 1463 529 1502 non
554 1445 660 1520 aegris,
685 1461 742 1501 nou
766 1444 935 1513 vulneratis,
964 1441 1089 1500 facultas
1115 1442 1221 1517 quietis

227 1531 329 1591 datur:
343 1522 536 1610 quaecunque
551 1533 586 1590 ad
601 1533 724 1607 proximi
738 1532 795 1589 diei
808 1533 1049 1608 oppugnationem
1063 1540 1221 1608 opussunt,

226 1631 314 1678 noctu
329 1632 549 1697 comparantur:
567 1621 675 1677 multae
690 1631 842 1696 praeustae
856 1620 950 1690 sudes,
966 1639 1090 1698 magnus
1104 1620 1221 1679 murali.

177 1709 215 1770 ib
228 1725 278 1764 um
291 1709 415 1783 pilorum
430 1725 569 1766 numerus
582 1709 760 1779 instituitur;
783 1718 879 1766 turres
895 1710 1139 1782 contabulantur3
1161 1711 1222 1787 pin·

226 1813 291 1865 nae,
307 1797 474 1871 loricaeque
489 1815 525 1852 ex
546 1797 675 1852 cratibus
696 1805 872 1852 attexuntur.
915 1796 979 1872 Ipse
1003 1795 1116 1866 Cicero,
1130 1819 1224 1874 quum

226 1885 396 1942 tenuissima
410 1884 575 1941 valetudine
587 1892 671 1952 esset,
687 1901 723 1940 ne
738 1891 911 1940 nocturnum
930 1884 1050 1959 quidem
1070 1885 1126 1944 sibi
1151 1896 1222 1944 tem.

227 1991 281 2049 pus
302 1973 339 2029 ad
359 1973 485 2048 quietem
506 1971 697 2047 relinquebat,
718 1982 751 2030 ut
771 1973 846 2030 ultro
871 1972 994 2031 militum
1016 1992 1161 2033 concursu
1185 1996 1225 2036 ae

226 2062 346 2120 vocibus
359 2063 413 2120 sibi
427 2080 548 2139 parcere
562 2071 726 2138 cogeretur,

175 2153 214 2214 90
267 2149 347 2210 XLI.
369 2151 457 2210 Tunc
480 2151 570 2209 duces
590 2151 792 2230 principesque
813 2151 1000 2223 Nerviorum,
1021 2152 1072 2230 qui
1093 2153 1223 2232 aliquam

226 2241 366 2299 sermonis
373 2239 482 2298 aditum
493 2257 672 2317 causamque
682 2242 828 2298 amicitiae
838 2261 907 2299 curn
914 2241 1057 2300 Cicerone
1066 2243 1221 2318 habebant,

225 2329 352 2408 colloqui
374 2349 438 2388 sese
461 2330 538 2388 velle
563 2329 673 2388 dicunt.
715 2331 809 2390 Facta
834 2339 982 2408 potestate,
1008 2333 1119 2403 eadem,
1145 2353 1222 2410 quae

227 2419 381 2478 Ambiorix
402 2439 472 2478 curn
486 2419 601 2478 Titurio
621 2431 731 2496 egerat,
747 2432 990 2480 commemorant:
1012 2421 1137 2480 Omnem
1157 2443 1221 2482 esse

227 2509 257 2568 in
281 2513 371 2570 armis
393 2510 539 2569 Galliam:
562 2509 724 2568 Germanos
749 2510 886 2570 Rhenum
909 2513 1065 2570 transisse:
1084 2511 1222 2571 Caesaris

175 2605 215 2662 25
227 2601 463 2679 reliquorumque
483 2601 604 2660 hiberna
616 2601 789 2680 oppugnari.
832 2599 953 2658 Addunt
967 2601 1056 2659 etiam
1069 2600 1105 2658 de
1120 2602 1221 2660 Sabini

226 2703 329 2752 morte.
372 2691 571 2769 Ambiorigem
585 2701 727 2748 ostentant
740 2689 808 2748 fidei
822 2689 977 2748 faciundae
987 2709 1095 2750 eausa:
1109 2691 1221 2751 Errare

227 2800 285 2850 eos,
300 2781 409 2850 dicunt,
429 2782 456 2838 si
476 2780 634 2856 quidquam
656 2779 693 2837 ab
717 2781 762 2837 his
786 2780 920 2856 praesidii
942 2789 1066 2855 sperent,
1089 2780 1222 2855 quisuis

227 2869 315 2925 rebus
328 2867 457 2926 diffidant
465 2887 475 2940 3
497 2889 561 2926 sese
575 2880 673 2928 tamen
690 2869 744 2928 hoo
759 2889 822 2927 esse
837 2871 867 2926 in
880 2869 1051 2927 Ciceronem
1065 2869 1220 2945 Populum·

226 2973 285 3030 que
302 2955 466 3014 Romanum
487 2957 592 3027 animo,
612 2968 644 3016 ut
663 2959 735 3018 nibil
757 2959 813 3018 nisi
834 2960 955 3016 hiberna
975 2968 1117 3028 recusant,
1132 2969 1220 3034 atque

175 3047 215 3104 Μ
228 3043 303 3102 hanc
317 3043 531 3102 inveterascere
544 3049 781 3106 consuetudinem
802 3049 910 3108 nolint:
932 3048 1027 3104 licere
1036 3045 1096 3104 illis
1108 3047 1219 3106 incola.

227 3132 323 3190 mibus
336 3151 387 3208 per
400 3152 432 3190 se
450 3152 487 3190 ex
508 3135 636 3194 hibernis
650 3138 808 3210 discedere,
823 3150 861 3209 et,
876 3154 1065 3216 quascunque
1078 3137 1108 3192 in
1123 3146 1220 3212 partes

227 3219 327 3290 velint,
351 3222 414 3280 sine
438 3231 518 3280 metu
542 3225 697 3300 proficisci.
738 3227 844 3288 Cicero
868 3229 904 3287 ad
927 3230 1001 3286 haec
1024 3245 1116 3284 uuum
1136 3227 1234 3298 modo,

228 3309 391 3387 respondit:
412 3309 480 3368 Non
502 3331 566 3370 esse
588 3317 827 3376 consuetudinem
848 3317 951 3396 Populi
974 3317 1106 3386 Romam,
1128 3315 1219 3375 ullam

227 3401 361 3478 accipere
376 3401 412 3459 ab
426 3400 505 3458 hoste
520 3412 631 3461 armato
643 3405 854 3466 conditionem:
876 3411 901 3466 si
917 3410 953 3466 ab
967 3409 1056 3468 annis
1070 3407 1219 3468 discedere

175 3489 215 3548 85
228 3489 327 3562 velint,
342 3509 374 3550 se
388 3490 518 3566 adjutore
532 3499 660 3565 utantur,
675 3495 842 3574 legatosque
856 3498 893 3556 ad
904 3497 1064 3557 Gaesarem
1086 3499 1219 3556 mittant:

226 3599 353 3658 sperare,
368 3599 419 3657 pro
432 3581 496 3658 ejus
507 3581 628 3658 justitie,
644 3603 721 3659 quae
735 3588 877 3662 petierint,
891 3588 1105 3664 impetraturos.

269 3669 363 3730 XLII.
386 3670 435 3728 Ab
449 3671 505 3729 hac
518 3691 569 3748 spe
584 3672 692 3748 repulsi
707 3673 820 3746 Nervii,
837 3677 914 3734 vallo
928 3677 1034 3753 pedum
1048 3693 1079 3736 rt
1100 3687 1129 3735 et
1142 3675 1220 3736 base

228 3759 334 3833 pedum
349 3777 392 3817 xv
412 3761 533 3819 hiberna
553 3761 684 3839 cingunt.
726 3763 811 3824 Haec
825 3774 854 3824 et
875 3767 1057 3842 superiorum
1077 3783 1220 3824 annorum

226 3847 436 3906 comuetudine
451 3867 469 3906 a
481 3850 587 3910 uostris
599 3863 815 3928 cognoverant:
837 3863 874 3924 et,
885 3853 1025 3929 quosdam
1037 3853 1075 3914 de
1089 3854 1220 3914 exercita
1261 3905 1263 3910 .
