2826 4336
172 329 326 386 canna]
553 331 649 382 aman
671 333 822 386 curatus,
1166 331 1208 390 95

169 467 314 524 interdicit
336 475 421 541 atque
439 467 560 542 imperat
578 469 806 543 cassivellauno,
821 491 858 531 ne
873 471 1084 546 Mandubratio,
1098 493 1156 535 neu

170 555 396 612 Trinobantibus
410 556 518 614 bellum
534 556 630 616 faciat.

209 643 318 702 XXIII.
347 643 502 702 Obsidibus
526 648 661 722 acceptis,
684 647 844 708 exercitum
869 651 980 710 reducit
1005 653 1041 710 ad
1065 671 1154 725 mare,

168 750 258 790 naves
268 733 377 790 invenit
386 731 517 792 refectas.
547 734 602 792 His
613 735 751 807 deductis,
762 739 837 814 quod
848 731 1063 817 et'captivorum
1075 761 1153 820 mag-

167 839 238 878 num
258 839 413 878 nnmerum
432 821 562 892 habebat,
577 833 606 881 et
619 825 775 884 nonnullae
788 837 957 904 tempestate
971 829 1154 906 deperierant
1167 833 1186 886 6

167 929 265 979 naves,
277 910 388 968 duobus
398 912 605 969 commeatibus
615 915 775 973 exercitum
786 925 929 992 reportare
939 919 1069 982 instituit.
1106 920 1154 977 Ac

167 1000 210 1057 sic
224 997 337 1068 accidit,
350 1000 390 1056 uti
399 1018 438 1057 ex
450 1008 528 1057 tanto
538 1002 656 1058 navium
667 1021 795 1073 numero,
805 1013 845 1061 tot
855 1007 1092 1082 navigationibus,
1104 1027 1153 1065 ne·

166 1106 223 1163 que
234 1089 297 1157 hoc,
309 1107 402 1164 neque
413 1090 560 1166 superiore
571 1107 653 1160 anno,
666 1092 727 1148 ulla
737 1094 853 1150 omnino
862 1094 952 1163 navis,
963 1112 1038 1168 quae
1049 1096 1154 1152 milites

166 1186 300 1252 portaret,
315 1177 547 1235 desideraretur:
569 1188 598 1235 at
614 1197 650 1235 ex
667 1180 711 1248 iis,
725 1199 802 1254 quae
818 1182 920 1238 manes
941 1199 978 1237 ex
998 1183 1154 1238 continenti

166 1265 203 1322 ad
217 1283 284 1322 eum
299 1266 520 1336 remitterentur,
536 1267 639 1342 prioris
656 1277 833 1325 commeatus
851 1265 986 1342 expositis
1005 1267 1152 1338 militibus,
1169 1269 1205 1325 10

165 1363 192 1410 et
210 1373 284 1429 quas
310 1364 406 1430 postea
432 1353 580 1414 Labienus
607 1355 755 1412 faciendas
780 1364 936 1412 curaverat
960 1373 1081 1412 numero
1105 1373 1152 1425 ux,

165 1460 328 1518 perpaucae
342 1442 439 1500 locum
452 1453 605 1518 caperent3
629 1443 758 1517 reliquae
770 1441 830 1500 fere
841 1461 940 1500 omnes
951 1444 1150 1518 rejicerentur.
1164 1519 1168 1522 -

165 1531 249 1596 Quas
270 1550 361 1607 quum
380 1531 549 1606 aliquandiu
562 1531 672 1589 Caesar
692 1530 799 1588 frustra
813 1541 1016 1608 exspectasset,
1031 1549 1068 1588 ne
1083 1533 1152 1590 anni

165 1629 291 1695 tempore
319 1639 337 1676 a
363 1620 544 1696 navigatione
580 1619 794 1690 excluderetur,
826 1619 902 1695 quod
936 1621 1151 1696 aequinoctium

165 1707 290 1778 suberat,
304 1710 468 1766 necessario
491 1709 643 1784 angustius
666 1709 772 1767 milites
795 1709 957 1780 collocavit,
980 1729 1014 1768 ac
1037 1712 1202 1768 summa15

165 1797 370 1873 tranquillitate
384 1805 548 1865 consecuta,
562 1797 691 1854 secunda
705 1799 776 1856 inita
789 1817 880 1874 quum
894 1799 1025 1856 solvisset
1039 1800 1149 1876 vigilia,

165 1885 257 1961 prima
265 1886 332 1943 luce
342 1895 448 1942 terram
458 1885 559 1962 attigit,
568 1903 724 1962 omnesque
732 1887 894 1945 incolumes
904 1907 994 1946 naves
1004 1888 1148 1964 perduxit.

205 1973 315 2032 XXIV.
336 1974 493 2030 Subductis
512 1975 645 2043 navibus,
667 1977 848 2052 concilioque
874 1976 1028 2034 Gallorum
1049 1976 1148 2034 Sama·

164 2063 294 2121 robrivae
316 2071 441 2139 peracto,
456 2061 532 2138 quod
546 2079 580 2120 eo
594 2080 670 2120 anno
684 2061 863 2122 frumentum
877 2065 907 2122 in
923 2064 1021 2122 Gallia
1035 2075 1150 2140 propter

163 2151 307 2208 siccitates
327 2152 478 2227 angustius
497 2159 675 2226 provenerat,
691 2162 810 2210 coactus
824 2162 868 2210 est
882 2151 974 2222 aliter,
990 2171 1025 2210 ac
1038 2153 1148 2229 superi·
1162 2151 1202 2208 20

163 2240 260 2296 oribus
281 2240 372 2308 annis,
387 2239 547 2296 exereitum
567 2239 598 2296 in
611 2239 739 2298 hibernis
752 2240 904 2309 collocare,
920 2241 1104 2316 legionesque
1119 2243 1149 2298 iu

163 2326 262 2404 plures
289 2328 420 2384 civitates
444 2325 634 2385 distribuere:
666 2329 832 2403 exquibus
856 2345 943 2384 unam
967 2330 998 2384 iu
1023 2327 1150 2385 Morinos

162 2415 323 2474 ducendam
344 2415 377 2473 C.
400 2415 490 2473 Fabio
510 2416 606 2492 legato
626 2415 724 2486 dedit3
758 2417 880 2474 alteram
901 2415 931 2469 in
952 2415 1087 2483 Nervios,
1108 2416 1148 2478 Q.

162 2503 315 2575 Ciceroni3
336 2505 450 2561 tertiam
469 2504 500 2560 in
520 2503 638 2572 Essuos,
654 2503 691 2560 L.
709 2503 832 2573 Rosci03
856 2510 989 2576 quartem
1003 2501 1034 2556 in
1049 2501 1150 2558 Remis

163 2611 231 2650 cum
246 2592 284 2649 Τ.
297 2591 427 2650 Labieno
440 2592 470 2648 ln
489 2593 613 2649 confinio
627 2591 817 2648 Trevirorum
831 2589 960 2646 hiemare
971 2585 1075 2662 jus‘sit3
1091 2597 1150 2644 tras
1162 2595 1201 2648 25

163 2681 192 2738 in
205 2681 308 2758 Belgio
322 2680 491 2738 collocavit:
511 2680 556 2738 his
570 2679 612 2735 M.
628 2679 776 2747 Crassum,
790 2685 981 2753 quaestorem,
992 2685 1020 2732 et
1034 2674 1071 2731 L.
1085 2674 1149 2732 Mu-

163 2771 273 2826 natium
287 2768 438 2837 Plancum,
453 2778 481 2826 et
494 2768 528 2825 C.
545 2767 723 2824 Trebonium
737 2766 847 2844 legatos
861 2762 1010 2840 praefecit.
1053 2762 1149 2822 Unam

163 2856 314 2932 legionem,
330 2875 417 2930 quam
439 2857 567 2931 proxime
587 2864 668 2911 trans
692 2853 804 2910 Padum
825 2853 1046 2928 conscripserat,
1060 2862 1089 2911 et
1102 2849 1148 2910 co'-

163 2944 257 3001 hortes
270 2945 398 3018 quinquo
412 2943 442 3000 in
457 2943 618 3011 Eburones,
634 2959 758 3016 quorum
778 2959 845 3016 pars
865 2941 992 2998 maxima
1012 2951 1056 3000 est
1074 2943 1149 3000 inter
1177 2998 1179 3002 ,

164 3029 275 3089 Mosam
289 3049 324 3088 ac
337 3031 483 3099 Rhenum,
498 3031 548 3105 qui
565 3029 619 3086 sub
639 3029 759 3102 imperio
773 3029 952 3106 Ambiorigis
966 3041 995 3089 et
1007 3031 1148 3090 Cativolci
1162 3043 1200 3097 3ο

163 3130 253 3187 erant,
269 3120 355 3176 misit.
398 3119 453 3176 His
468 3117 606 3176 militibus
619 3117 658 3182 Q.
674 3116 821 3175 Titurium
835 3118 975 3176 Sabinum
989 3131 1018 3178 et
1031 3121 1068 3178 L.
1086 3122 1148 3180 Au-

163 3207 347 3265 runculeium
356 3207 479 3276 Cottam,
490 3207 608 3283 legatos,
620 3223 751 3280 praeesse
759 3207 854 3282 jussit.
885 3208 933 3265 Ad
945 3209 1023 3267 hunc
1032 3210 1149 3268 modum

162 3293 321 3353 distributis
349 3295 520 3371 legionibus,
546 3293 684 3351 faciIIIme
712 3296 824 3370 inopiae
853 3295 1061 3355 frumentariae
1085 3317 1149 3354 sese

163 3383 271 3440 mederi
284 3399 365 3458 posse
377 3384 569 3454 existImavit3
589 3392 676 3459 atque
690 3383 794 3441 harum
807 3393 904 3442 tamen
918 3387 1046 3441 omnium
1060 3385 1148 3457 legio-

163 3487 233 3528 num
247 3471 369 3527 hiberna
382 3470 509 3547 (praeter
523 3489 596 3540 eam,
616 3491 704 3547 quam
719 3470 755 3529 L.
770 3472 876 3530 Roscio
890 3474 919 3528 in
934 3471 1148 3546 pacatissimam
1163 3477 1201 3532 35

163 3567 191 3615 et
204 3559 412 3633 quietissimam
427 3567 537 3634 partem
550 3558 711 3616 ducendam
725 3559 855 3634 dederat)
870 3559 998 3614 millibus
1012 3557 1150 3629 passuum

163 3653 281 3703 centum
301 3646 533 3704 continebantur.
575 3645 639 3721 Ipse
661 3648 782 3716 interea,
797 3645 891 3720 quoad
914 3643 1042 3716 legiones
1063 3639 1148 3697 eollo

163 3743 265 3803 cassa,
299 3735 470 3810 munitaque
496 3732 617 3794 hiberna
643 3731 890 3810 cognovissetis
917 3725 1017 3784 Gallia
1043 3728 1150 3786 morari

163 3821 318 3882 conemur.
