2804 4312
207 257 259 320 '72
576 266 620 320 nn
639 265 744 316 nmio
762 265 906 314 erineo
1123 265 1190 320 [cn.
1201 273 1260 316 r-o.

268 405 451 482 Principibus
474 403 590 464 Galliae
613 405 749 475 avocatis,
774 404 883 464 Caesar
909 423 955 474 es,
979 421 1057 479 quae
1076 417 1260 482 cognoverat,

267 494 477 553 dissimulanda
490 495 544 552 sibi
562 495 745 564 existimavit,
760 512 919 570 eorumque
939 493 1044 551 animis
1064 494 1219 570 permulsis
1233 507 1262 554 et

267 583 453 654 confirmatis,
478 585 667 659 equitatuque
694 583 842 660 imperato,
871 582 980 640 bellum
1008 600 1077 642 cum
1106 583 1262 642 Germanis

267 691 370 749 gerere
384 674 540 732 constituit.

235 771 254 824 5
307 761 375 824 VII.
412 761 457 820 Re
486 761 674 820 frumentaria
701 771 876 838 comparata,
901 761 1104 838 equitibusque
1131 762 1260 832 delectis,

267 853 322 908 iter
342 853 372 908 in
387 871 423 913 ea
443 843 508 911 loca
531 849 627 908 facere
647 851 750 927 coepit,
764 851 870 926 quibus
884 851 914 906 in
928 849 1000 908 locis
1020 870 1084 908 ease
1099 849 1261 910 Germanos

267 940 412 1018 audiebat.
455 941 482 997 A
505 940 611 1016 quibus
632 959 723 1016 quum
748 958 907 1015 paucorum
930 939 1043 997 dierum
1064 940 1119 997 iter
1139 941 1260 1010 abesset,

267 1030 357 1106 legati
378 1030 414 1088 ab
428 1030 473 1088 bis
488 1039 638 1098 venerunt,
654 1047 778 1106 quorum
799 1029 873 1087 haec
896 1027 949 1086 fuit
969 1030 1077 1087 oratio:
1100 1028 1262 1088 Germanos

268 1137 363 1194 neque
384 1120 494 1195 priores
508 1117 617 1194 Populo
632 1117 763 1176 Romano
786 1117 896 1175 bellurn
917 1115 1034 1187 inferre,
1048 1136 1143 1193 neque
1164 1129 1261 1176 tamen

218 1213 255 1270 10
269 1225 415 1277 recusare,
428 1209 456 1266 si
476 1207 665 1277 lacessantur,
680 1208 751 1282 quin
773 1207 861 1264 armis
883 1205 1076 1279 contendant;
1098 1207 1172 1284 quod
1189 1207 1260 1264 Ger·

269 1313 420 1355 manorum
435 1295 612 1354 consuetudo
626 1297 699 1356 haec
713 1297 749 1354 sit
765 1315 782 1354 a
797 1297 953 1372 majoribus
966 1296 1080 1364 tradita,
1094 1298 1261 1372 quicunqne

269 1386 378 1444 bellurn
393 1385 526 1454 inferant,
539 1386 681 1455 resistere,
694 1403 788 1462 neque
799 1385 964 1463 deprecari:
980 1385 1033 1442 hoc
1045 1395 1144 1443 tomen
1154 1385 1260 1455 dicere,

270 1477 383 1534 venisse
397 1475 631 1551 invitos-ejectos
651 1474 744 1532 domo.
786 1475 818 1532 Si
832 1493 916 1533 suam
936 1475 1061 1550 gratiam
1075 1473 1200 1532 Romani
1214 1494 1261 1532 ve·

269 1566 331 1635 lint,
347 1584 428 1641 posse
442 1567 485 1622 eis
499 1565 585 1622 utiles
607 1583 670 1622 esse
693 1566 821 1622 amicos:
844 1563 890 1621 vel
911 1564 965 1622 sibi
988 1582 1073 1639 agros
1095 1565 1261 1634 attribuant,

220 1657 256 1712 ld
270 1656 316 1713 vel
336 1656 481 1732 patiantur
495 1673 544 1712 eos
557 1664 665 1723 tenere,
679 1673 752 1729 quos
770 1654 858 1711 armis
879 1651 1064 1728 possederint.
1105 1652 1177 1710 Sese
1198 1655 1263 1712 unis

269 1744 375 1802 Suavis
399 1741 567 1812 concedere,
589 1743 695 1818 quibus
718 1761 755 1800 na
780 1741 819 1800 dii
840 1741 956 1816 quidem
981 1741 1156 1798 immortales
1178 1761 1264 1818 pares

269 1854 334 1892 esse
347 1833 470 1910 possint:
492 1833 637 1909 reliquum
650 1832 767 1910 quidem
780 1832 810 1888 in
824 1831 908 1888 terris
927 1849 990 1888 esse
1004 1831 1159 1903 neminem,
1174 1851 1264 1908 quern

269 1941 326 1981 non
341 1942 480 2000 superare
496 1924 613 1999 possint.
668 1913 671 1922 ’

309 2013 392 2070 VIII.
416 2013 463 2070 Ad
489 2012 561 2070 haec
582 2011 699 2080 Caesar,
724 2029 800 2086 quae
825 2010 920 2067 visum
943 2017 995 2078 est,
1022 2009 1188 2084 respondit;
1212 2011 1263 2068 sed

217 2097 257 2168 20
270 2105 365 2160 exitus
390 2101 443 2160 fuit
463 2102 617 2159 orationis:
639 2099 700 2158 Sibi
726 2099 837 2158 nullam
858 2118 926 2158 cum
947 2099 992 2158 his
1016 2099 1172 2158 amicitiam
1199 2119 1262 2158 esse

270 2193 400 2270 posse,„si
420 2193 450 2249 in
472 2191 570 2248 Gallia
586 2199 786 2248 remanerent:
808 2208 902 2264 neque
916 2207 1017 2246 verum
1037 2208 1109 2256 esse,
1124 2191 1174 2265 qui
1195 2209 1262 2248 suos

270 2282 343 2339 fines
365 2281 439 2338 tueri
461 2299 517 2338 non
538 2280 690 2356 potuerint,
712 2280 822 2336 alienos
844 2295 1007 2356 occupare:
1029 2297 1122 2353 neque
1138 2279 1212 2338 ullos
1232 2281 1261 2336 in

270 2370 369 2430 Gallia
382 2388 596 2446 aianneagies,
611 2370 661 2444 qni
676 2369 748 2437 dari,
768 2380 865 2426 tantae
886 2369 1055 2444 praesertim
1071 2367 1259 2437 multitudini,

269 2463 332 2520 sine
346 2461 453 2536 injuria
464 2461 580 2538 possint.
619 2458 681 2514 'Sed
695 2457 793 2528 licere,
808 2459 832 2515 si
844 2458 942 2526 velint,
958 2458 988 2514 in
1001 2455 1140 2514 Ubiorum
1155 2455 1260 2520 finibus

216 2563 261 2618 25
269 2551 427 2621 considere,
442 2568 564 2628 quorum
580 2548 636 2606 sint
651 2547 740 2624 legati
762 2547 893 2623 spudeo,
909 2557 937 2604 et
958 2546 993 2603 de
1009 2547 1172 2604 Suevorum
1186 2548 1258 2622 inju·

270 2645 321 2700 riis
335 2652 504 2718 querantur,
519 2649 547 2698 et
562 2659 579 2696 a
593 2657 624 2696 se
644 2638 786 2695 auxilium
807 2646 920 2714 petant:
943 2635 995 2694 boc
1010 2655 1041 2694 se
1063 2635 1099 2692 ab
1113 2635 1196 2694 Ubiis
1209 2637 1260 2693 im-

270 2742 460 2808 paraturum.

310 2819 361 2878 1x.
385 2819 487 2895 Legati
504 2820 576 2876 haec
591 2837 622 2876 sa
643 2817 678 2875 ad
693 2837 760 2874 suos
775 2816 923 2892 relaturos·
936 2814 1090 2888 dixerunt3
1114 2824 1151 2884 et,
1167 2834 1198 2872 re
1212 2814 1259 2872 de·

270 2908 400 2976 liberata,
416 2917 477 2984 post
491 2906 567 2964 diem
577 2908 694 2964 tertium
714 2906 750 2964 ad
764 2906 920 2964 Caesarem
937 2923 1120 2962 reversuros:
1140 2905 1259 2974 interea,

219 3005 258 3058 30
270 3013 307 3052 ne
321 2996 437 3070 propius
448 3014 478 3051 se
490 3005 586 3053 castra
596 3006 733 3066 moveret,
746 2997 898 3072 petierunt.
926 2993 974 3052 Ne
985 2993 1014 3050 id
1024 2993 1141 3069 quidem
1151 2993 1261 3052 Caesar

271 3085 307 3140 ab
321 3102 352 3139 se
367 3083 515 3158 impetrari
537 3103 618 3158 posse
639 3084 729 3142 dixit:
751 3093 923 3162 cognoverat
936 3084 1023 3152 enim,
1038 3101 1175 3160 magnam
1197 3101 1259 3159 par-

269 3181 329 3228 tam
342 3171 488 3246 equitatus
509 3173 546 3228 ab
560 3173 595 3228 iis
617 3173 725 3247 aliquot
740 3175 841 3232 diebus
863 3184 929 3230 ante
954 3172 1110 3249 praedandi
1134 3172 1260 3230 frumen-

270 3260 407 3335 tandique
422 3277 512 3316 causa
534 3260 567 3316 ad
584 3261 782 3320 Ambivaritos
801 3273 880 3320 trans
895 3263 1006 3320 Mosam
1029 3263 1155 3320 missam.
1198 3261 1261 3320 Hos

269 3341 430 3426 exspectari
455 3349 576 3423 equites,
602 3358 687 3423 atque
710 3353 776 3426 ejus
797 3354 955 3412 rei.causa
977 3370 1086 3410 moram
1109 3351 1259 3427 interponi,

221 3453 257 3508 35
270 3439 472 3498 arbitrabatur.

160 3527 167 3540 ’
310 3529 347 3588 Χ.
371 3529 451 3586 Mosa
466 3528 579 3603 profluit
593 3544 630 3584 ex
644 3539 738 3586 monte
753 3530 876 3607 Vosego,
892 3533 943 3608 qui
964 3541 1007 3590 est
1026 3531 1056 3587 in
1070 3530 1176 3588 finibus
1191 3528 1259 3588 Lin·
1289 3534 1291 3538 '

268 3639 386 3698 gotium,
401 3630 438 3688 et,
453 3629 534 3694 parte
548 3615 673 3693 quadarn
689 3637 728 3674 ex
745 3617 845 3676 Rheno
867 3630 993 3696 recepta,
1008 3639 1083 3696 quae
1098 3619 1260 3696 appellatur

270 3709 401 3779 Vahalis,
426 3707 552 3766 insulam
574 3703 662 3765 efficit
683 3707 879 3782 Batavornm;
912 3727 1006 3784 neque
1028 3708 1143 3786 longius
1167 3708 1213 3766 ab:
1226 3725 1261 3764 ec

270 3798 398 3856 millibus
411 3816 548 3873 pannum
564 3815 644 3856 nux
663 3797 692 3854 in
708 3797 859 3856 Oceanum
872 3798 983 3856 transit.
1028 3797 1149 3856 Rhenus
1163 3807 1260 3857 autem
