2844 4340
210 319 271 380 140
564 323 607 370 na
627 321 733 371 nunno
753 319 896 368 onumen
1100 319 1251 374 [omnus

254 467 355 535 sossi
376 465 404 522 id
425 463 560 540 oppidum
582 459 775 527 retinuissent,
796 475 941 516 summam
956 457 1095 516 victoriae
1119 467 1252 516 constare

258 553 466 628 intelligebant.

298 641 392 700 XXII.
415 638 565 714 Singulari
588 638 713 695 militum
727 647 890 694 nostrorum
904 636 1004 694 virtuti
1018 636 1139 694 consilia
1153 636 1250 710 eujus-

256 748 313 805 que
327 728 403 786 modi
417 727 570 788 Gallorum
583 727 785 796 occurrebant,
801 735 833 782 ut
846 735 890 784 est
903 743 1034 784 summae
1048 745 1142 801 genus
1162 725 1250 781 soler-

224 820 323 887 stne,
338 828 424 894 atque
438 817 472 874 ad
487 818 585 874 omnia
599 816 737 874 imitanda
752 825 837 890 atque
852 813 1012 883 efficienda,
1027 833 1104 888 quae
1125 815 1162 870 ab
1171 831 1251 889 quo·

248 927 313 984 que
333 907 493 977 tradantur,
509 907 699 983 aptissimum.
742 905 823 962 Nam
844 914 873 962 et
894 904 1006 980 laqueis
1028 902 1119 960 falces
1141 913 1250 960 averte-

256 997 333 1066 bant,
348 1015 421 1074 quas
442 1015 532 1073 quum
555 995 777 1063 destinaverant,
799 995 947 1052 tormentis
969 994 1110 1050 introrsus
1132 991 1250 1051 reduce-

256 1085 344 1171 bqnt3
367 1097 397 1144 et
411 1104 548 1164 aggerem
569 1085 715 1144 cuniculis
737 1083 950 1152 subtrahebant,
966 1102 1000 1140 eo
1014 1083 1160 1150 scientius,
1174 1080 1252 1155 quod

257 1176 333 1252 apud
348 1195 396 1234 eos
411 1193 533 1252 magnae
547 1185 614 1234 sunt
630 1174 777 1243 ferrariae,
793 1183 878 1249 atque
892 1190 976 1230 omne
990 1189 1083 1249 genus
1101 1171 1250 1238 cunholo-

206 1271 245 1328 to
258 1282 323 1322 rum
344 1275 443 1324 notum
465 1275 551 1340 atque
573 1265 711 1322 usitatum
731 1273 783 1320 est.
826 1261 933 1320 Totum
958 1271 1055 1320 autem
1077 1279 1193 1318 murum
1213 1277 1251 1316 ex

256 1357 334 1414 omni
356 1366 437 1432 parte
451 1355 580 1416 turribus
594 1352 858 1421 contabulaverant,
874 1361 960 1426 atque
974 1352 1026 1408 has
1041 1351 1128 1409 coriis
1141 1351 1250 1406 intexe·

255 1454 332 1502 rant.
373 1444 453 1501 Tum
477 1444 587 1501 crebris
611 1442 722 1500 diurnis
746 1441 953 1515 nocturnisque
975 1439 1173 1516 eruptionibus
1201 1446 1252 1496 aut

256 1533 357 1608 aggeri
379 1533 476 1606 ignem
497 1530 667 1598 inferebant,
683 1538 733 1586 aut
753 1530 859 1586 milites
872 1538 1027 1604 occupatos
1041 1529 1071 1585 in
1085 1546 1170 1604 opere
1185 1526 1249 1584 edo-

255 1619 425 1688 riebantnr3
448 1628 477 1675 et
498 1628 662 1674 nostrerum
683 1617 809 1674 turrium
831 1617 1020 1685 altitudinem,
1035 1628 1176 1690 quantum
1198 1616 1251 1672 has

206 1711 242 1767 15
255 1705 438 1778 quotidianus
461 1723 551 1780 agger
575 1713 765 1780 expresserat,
791 1705 952 1761 commissis
976 1723 1096 1760 suarum
1124 1706 1251 1762 turrium

255 1791 348 1859 malis,
364 1791 581 1865 adaequabant3
605 1804 638 1848 et·
656 1801 767 1866 apertos
784 1792 936 1848 cunIculoe
950 1801 1085 1866 praeusta
1099 1812 1134 1851 ao
1149 1812 1249 1868 praea-

254 1891 323 1936 cuta
344 1857 525 1946 materia,⁴et
544 1879 609 1953 pios
632 1877 798 1948 fervefacta,
821 1889 850 1936 et
874 1879 993 1938 maximi
1017 1879 1149 1954 ponderis
1169 1883 1250 1942 saxis

253 1967 449 2034 morabantur,
465 1967 670 2042 moenibusque
685 1967 915 2042 appropinquare
929 1965 1127 2042 prohibebant.

296 2051 405 2112 XXIII.
430 2054 523 2112 Muris
545 2064 642 2112 autem
666 2055 798 2112 omnibus
822 2055 948 2112 Gallicis
972 2055 1045 2114 haee
1071 2056 1131 2114 fere
1157 2057 1251 2118 forma

201 2151 241 2212 tto
253 2153 307 2202 est.
350 2143 463 2201 Trabes
477 2143 613 2213 directae,
629 2153 784 2220 perpetuae
800 2145 829 2201 in
844 2144 1063 2221 longitudinem,
1076 2147 1195 2222 peribus
1206 2149 1248 2206 in.

253 2233 383 2290 tervellis
407 2232 545 2290 distantes
567 2233 641 2290 Inter
659 2251 690 2290 se
713 2233 794 2290 blnos
814 2233 909 2308 pedes,
925 2235 955 2290 in
974 2234 1034 2291 solo
1049 2235 1247 2295 collocantur:

253 2321 309 2380 hae
323 2322 524 2380 revinciuntur
538 2323 687 2390 introrsus,
702 2331 731 2379 et
751 2322 843 2379 multo
864 2341 972 2398 aggere
987 2324 1159 2380 vestiuntur.
1203 2325 1249 2382 Ea

254 2422 361 2481 annm,
383 2429 459 2487 quae
483 2409 618 2481 diximus,
641 2409 794 2468 intervalla
818 2412 976 2490 grandibus
1000 2413 1030 2468 in
1055 2411 1146 2470 nante
1170 2414 1250 2472 saxis

254 2501 454 2560 effarciuntur.
496 2499 552 2558 His
573 2499 720 2558 collocatis
740 2508 768 2556 et
788 2501 1005 2577 coagmentatis,
1028 2500 1104 2558 alius
1131 2503 1250 2578 insuper

201 2609 241 2662 25
254 2592 323 2651 erdo
337 2592 480 2667 adjicitur,
493 2601 524 2647 ut
538 2590 614 2648 idem
628 2589 700 2648 illud
714 2589 899 2646 intervallum
913 2599 1054 2659 servetur,
1067 2609 1161 2666 neque
1174 2593 1250 2648 inter

253 2701 286 2740 aa
301 2682 467 2757 contingant
480 2680 585 2748 trabes,
600 2679 649 2736 sed
664 2678 782 2756 paribus
797 2680 975 2737 intermissae
987 2680 1094 2754 spatiis,
1104 2679 1248 2756 singulae,

254 2771 378 2846 singulis
401 2769 479 2826 saxis
502 2769 669 2844 interjectis,
695 2777 756 2824 arte
780 2769 992 2826 contineantur.
1034 2769 1085 2826 Sic
1112 2767 1249 2844 deinceps

254 2877 339 2914 omne
366 2875 439 2932 opus
468 2859 639 2927 contexitur,
661 2856 729 2916 dum
748 2857 827 2931 justa
848 2857 925 2914 muri
946 2856 1065 2914 altitudo
1086 2857 1247 2932 expleatur.
1290 2887 1314 2938 Ι·

255 2942 321 3002 Hoc
343 2963 434 3018 quum
456 2944 485 3000 iu
507 2947 634 3019 speeiem
648 2946 873 3022 varietatemque
894 2963 966 3022 opus
982 2945 1109 3004 deforme
1124 2964 1181 3003 non
1195 2955 1248 3016 est,

203 3043 242 3100 30
255 3032 374 3090 alternis
388 3031 517 3089 trabibus
536 3053 571 3092 ac
591 3037 678 3105 saxis,
693 3053 768 3111 quae
784 3037 869 3094 rectis
883 3035 967 3092 lineis
981 3053 1048 3094 suos
1061 3036 1175 3093 ordines
1189 3054 1247 3093 ser-

256 3133 344 3195 vant;
367 3133 438 3191 tum,
454 3121 489 3178 ad
513 3126 665 3186 utilitatem
686 3137 715 3184 et
735 3127 929 3185 defensionem
954 3128 1079 3198 urbium,
1102 3145 1248 3185 summam

255 3213 341 3271 habet
354 3212 593 3288 opportunitatem
605 3235 613 3286 ;
636 3217 711 3290 quod
726 3227 754 3274 et
770 3217 805 3273 ab
819 3217 953 3274 incendio
966 3217 1049 3293 lapis,
1063 3227 1093 3274 et
1105 3216 1144 3274 ab
1158 3218 1248 3276 ariete

254 3304 376 3362 materia
389 3299 524 3369 defendit,
539 3319 623 3377 quae,
638 3306 786 3380 perpetuis
800 3306 931 3364 trabibus
943 3305 1032 3382 pedes
1045 3306 1249 3383 quadragenos

255 3395 426 3472 plerumque
440 3390 580 3448 introrsus
595 3393 732 3462 revincta,
748 3411 842 3470 neque
857 3395 1005 3472 perrumpi
1020 3414 1114 3471 neque
1128 3395 1248 3454 distrahi

203 3513 242 3568 35
255 3495 356 3564 potest.

296 3574 407 3635 XXIV.
449 3571 490 3632 Iis
518 3582 559 3632 tot
589 3571 676 3630 rebus
709 3573 847 3650 impedita
880 3577 1101 3652 oppugnatione,
1130 3576 1247 3645 milites,
1318 3553 1322 3560 ⁴

254 3685 345 3742 quum
367 3675 423 3724 toto
442 3674 569 3740 tempore
591 3661 696 3739 frigore
716 3673 746 3721 et
766 3665 888 3726 assiduis
902 3665 1041 3722 imbribus
1054 3664 1248 3734 tardarentur,

254 3765 351 3811 tamen
365 3755 520 3812 continenti
535 3754 632 3812 labore
645 3753 743 3810 omnia
764 3754 838 3811 haec
859 3763 1081 3830 superaverunt,
1097 3764 1126 3812 et
1144 3754 1249 3812 diebus

254 3856 471 3915 maggerem
481 3841 576 3902 tatum
583 3843 797 3919 minacem,
808 3843 899 3899 altum
913 3843 1001 3918 podes
1012 3857 1101 3912 am,
1115 3854 1247 3902 mmer-

1405 4090 1414 4294 Ι
