2804 4312
130 311 184 359 un.
195 312 281 365 15-1⁷.]
524 311 619 358 LIBER
632 311 795 364 QUARTUS.
1141 305 1180 362 75

170 445 239 506 XV.
262 449 418 518 Germani,
440 457 501 524 post
524 458 639 526 tergum
667 451 794 508 elamore
823 451 928 520 audito,
950 469 1040 526 quum
1061 467 1127 509 suos

132 538 256 596 interfici
267 537 411 606 viderent,
422 538 509 594 armis
524 538 651 612 abjectis3
661 541 807 615 signisque
822 541 994 597 militaribus
1008 540 1126 611 relictis,

133 645 163 684 se
183 646 220 683 ex
242 627 351 684 castris
363 625 518 700 ejecerunt
528 645 536 698 3
559 631 596 696 et,
611 647 701 702 quum
716 628 751 684 ad
772 631 964 686 confluentem
985 629 1084 687 Mosae
1098 635 1127 688 et

133 712 230 772 Rheni
244 715 454 791 pervenissent,
467 715 580 789 reliqua
591 715 660 791 suga
671 716 829 792 desperata,
841 737 945 794 magno
955 735 1075 776 numero
1084 721 1125 776 in-

133 803 416 878 terfectoreliquise
425 805 455 860 in
465 801 571 860 flumen
582 807 843 880 praecipitaverunt
850 827 859 878 ;
873 818 958 882 atque
967 809 1006 864 ibi
1015 810 1124 878 timore,
1138 812 1157 864 5

134 891 314 960 lassitudine,
330 893 359 949 vi
373 893 503 948 fluminis
522 895 647 968 oppressi
669 895 825 968 perierunt.
868 895 967 954 Nostri
982 895 1018 953 ad
1033 915 1125 968 unum

134 999 233 1038 ornnes
247 981 419 1048 incolumes,
435 982 587 1056 perpaucis
601 981 768 1050 vulneratis,
783 1001 819 1040 ex
834 985 903 1042 tanti
925 985 992 1042 belli
1014 987 1125 1055 timore,

134 1089 226 1144 quum
246 1069 372 1126 hostiurn
393 1087 532 1126 numerus
554 1071 680 1144 capitum
701 1089 798 1130 cnm
821 1071 944 1128 millium
966 1073 1073 1140 luisset,
1095 1093 1126 1131 se

135 1159 165 1214 in
179 1167 276 1216 castra
290 1167 473 1232 receperunt.
515 1157 624 1224 Caesar
644 1161 697 1229 his,
712 1180 784 1234 quos
798 1161 828 1215 in
843 1161 945 1216 castris
959 1162 1126 1228 retinuerat,

135 1246 300 1304 discedendi
315 1255 480 1322 potestatem
495 1245 581 1306 fecit:
597 1246 639 1303 illi
654 1249 796 1322 supplicia
810 1247 1014 1321 cruciatusque
1030 1247 1127 1303 Gallo·
1143 1249 1179 1302 10

136 1353 201 1392 rum
215 1336 309 1404 veriti,
324 1353 447 1410 quorum
461 1353 546 1412 agros
560 1345 745 1403 vexaverant,
761 1351 910 1390 remanere
925 1352 956 1390 se
971 1335 1046 1410 apud
1061 1351 1128 1392 enm

136 1423 210 1482 velle
226 1423 370 1481 dixerunt.
413 1423 468 1480 His
481 1424 591 1480 Caesar
605 1424 766 1480 libertatem
780 1422 931 1478 concessit.

176 1512 259 1570 XVI.
282 1511 457 1569 Germanico
474 1513 555 1568 bello
577 1510 723 1579 confecto,
733 1509 831 1567 multis
845 1510 880 1566 de
901 1510 1011 1568 causis·
1019 1511 1128 1568 Caesar

136 1603 243 1670 statuit,
269 1601 324 1658 sibi
349 1599 484 1658 Rhenum
509 1619 571 1658 asse
595 1600 821 1658 transeundum:
850 1617 973 1673 quarum
988 1601 1049 1664 ,illa
1074 1599 1127 1658 fuit

140 1690 308 1765 justissima,
322 1688 408 1764 quod,
423 1707 514 1763 quum
526 1689 637 1746 videret
653 1687 814 1746 Germanos
835 1697 894 1744 tam
917 1687 1003 1746 facile
1017 1691 1126 1766 impelli
1142 1692 1178 1746 15

138 1789 169 1836 ut
183 1779 213 1834 in
228 1778 356 1835 Galliam
371 1779 510 1848 venirent,
526 1779 587 1834 suis
607 1795 721 1852 quoque
743 1778 830 1836 rebus
848 1797 897 1834 eos
911 1779 1013 1836 timere
1027 1781 1126 1849 voluit,

137 1885 228 1942 quum
242 1866 444 1942 intelligerent,
460 1877 488 1922 et
502 1884 583 1942 posse
598 1877 626 1924 et
643 1867 749 1923 audere
763 1867 865 1942 Populi
879 1867 1002 1924 Romani
1015 1871 1126 1926 exarci-

138 1965 199 2012 tum
220 1956 356 2012 Rhenum
378 1956 510 2011 transire.
554 1955 687 2011 Accessit
702 1957 797 2024 etiam,
813 1957 887 2030 quod
902 1957 953 2013 illa
967 1975 1034 2032 pars
1048 1959 1126 2032 equi-

138 2054 213 2101 tatus
226 2044 379 2119 Usipetum
394 2053 422 2100 et
436 2043 695 2112 Tenchtherorum,
705 2063 791 2118 quarn
803 2063 891 2120 supra
905 2047 1127 2102 commemoravi

87 2141 94 2151 '
138 2132 295 2208 praedandi
322 2131 571 2206 frumentandique
603 2151 693 2190 causa
721 2131 832 2189 Mosam
859 2135 1004 2202 transisse,
1032 2151 1126 2209 neque
1139 2135 1180 2188 20

138 2221 246 2296 proelio
260 2219 436 2289 interfuisse,
451 2231 513 2295 post
527 2219 627 2296 fugam
644 2237 762 2278 suorum
784 2239 815 2277 se
837 2231 916 2278 trans
939 2221 1073 2279 Rhenum
1097 2223 1128 2278 in

96 2307 101 2316 “
138 2311 211 2367 lines
235 2309 453 2385 Sigambrorum
475 2317 631 2384 receperat,
657 2329 745 2382 seque
773 2327 841 2365 cum
868 2311 903 2366 iis
927 2311 1126 2386 conjunxerat.

140 2398 187 2455 Ad
202 2417 274 2473 quos
287 2417 378 2472 quum
392 2397 501 2454 Caesar
515 2398 636 2454 nuncios
651 2399 782 2464 misisset,
798 2397 848 2471 qui
863 2397 1047 2472 postularent,
1060 2397 1128 2465 Eos,

139 2489 187 2562 qui
202 2487 257 2544 sibi
272 2473 445 2560 Galliaeque
466 2486 575 2542 bellum
596 2485 768 2553 intulissent,
784 2484 838 2540 sibi
855 2483 999 2551 dederent,
1015 2501 1128 2558 respon·

139 2577 259 2634 darunt:
288 2575 390 2649 Populi
416 2573 539 2630 Romani
567 2574 721 2649 imperium
750 2571 885 2628 Rhenum
913 2571 1014 2626 finire:
1043 2571 1076 2638 si,
1098 2589 1129 2626 se
1142 2573 1181 2627 25

139 2665 236 2733 invito,
246 2663 408 2720 Germanos
417 2664 447 2718 in
458 2663 585 2719 Galliam
596 2663 729 2730 transire,
739 2677 794 2716 non
808 2675 933 2732 aequum
945 2658 1129 2726 existimaret,

139 2772 192 2810 cur
206 2754 252 2810 sui
266 2751 423 2826 quidquam
437 2769 500 2808 esse
519 2751 633 2826 imperii
656 2761 706 2806 aut
727 2747 873 2824 potestatis
894 2755 974 2803 trans
995 2745 1130 2802 Rhenum

140 2839 319 2917 postularetl
372 2833 440 2896 Ubii
470 2849 575 2906 autem,
604 2839 654 2913 qui
683 2839 733 2894 uni
761 2855 797 2894 ex
825 2835 1059 2893 Transrhenanis
1093 2832 1130 2892 ad

139 2930 294 2987 Caesarem
309 2929 419 3004 legatos
433 2928 580 2995 miserant,
593 2927 752 2984 amicitiam
767 2923 905 2994 lacerant,
921 2925 1033 2983 obsides
1046 2925 1129 2982 dede·

139 3027 212 3086 rant,
240 3034 414 3092 magnopere
441 3017 570 3085 orabant,
599 3015 639 3072 Ut
665 3015 720 3071 sibi
755 3015 897 3073 auxilium
931 3013 1036 3084 ferret,
1055 3015 1182 3090 quod30

140 3108 267 3182 graviter
281 3107 318 3161 ab
328 3105 433 3162 Suevis
448 3113 667 3180 premerentur3
683 3102 738 3171 vel,
751 3103 775 3158 si
787 3103 815 3158 id
828 3103 927 3160 iacere
938 3105 1129 3180 occupationi-

141 3195 192 3252 bus
207 3193 398 3270 Reipublicae
408 3193 615 3268 prohiberetur,
625 3192 784 3248 exeroitum
796 3192 878 3248 modo
888 3191 1025 3250 Rhenum
1040 3203 1129 3249 trans·
1168 3207 1172 3217 ·

140 3291 284 3358 portaret:
305 3281 334 3338 id
348 3281 402 3338 sibi
417 3281 453 3338 ad
468 3281 611 3337 auxilium
632 3299 769 3356 spemque
791 3280 896 3356 reliqui
913 3282 1048 3356 temporis
1062 3282 1131 3338 satis

141 3370 287 3428 futurum:
302 3380 414 3426 tantum
428 3388 491 3425 essa
506 3381 610 3425 nomen
625 3379 710 3443 atque
721 3369 882 3444 opinionem
897 3369 961 3443 ejus
976 3369 1129 3434 exercitus,

141 3459 287 3516 Ariovisto
297 3458 388 3534 pulso,
397 3467 426 3514 et
434 3458 488 3514 hoo
499 3458 652 3514 novissimo
661 3457 767 3532 proelio
777 3456 861 3525 iacto,
871 3457 958 3512 etiam
970 3455 1005 3510 sd
1014 3455 1131 3524 ultimas
1144 3455 1182 3508 35

142 3547 354 3604 Gannanorum
368 3548 506 3615 nationes
518 3545 558 3602 uti
569 3547 700 3622 opinione
712 3554 740 3602 et
752 3545 879 3600 amicitia
891 3542 992 3615 Populi
1007 3538 1131 3594 Romani

141 3636 195 3692 tuti
217 3654 280 3692 asse
301 3635 418 3712 possint.
460 3635 591 3692 Navium
611 3647 747 3710 magnam
762 3631 874 3706 copiam
889 3628 924 3684 ad
939 3633 1130 3700 transportan-

143 3722 210 3779 dum
225 3724 387 3780 exercitum
401 3723 621 3799 pollicebantur.

144 3881 149 3888 ,
182 3809 279 3870 XVII.
300 3811 411 3870 Caesar
424 3811 469 3870 his
483 3811 518 3869 de
533 3809 639 3880 causis,
655 3825 729 3884 quas
748 3799 980 3871 commemoravi,
996 3799 1133 3862 Rhenum
