2830 4326
190 324 333 378 cnara]
593 323 687 370 arnna
707 323 828 372 narnus
1042 389 1045 398 ¹
1192 315 1231 380 1!

189 460 255 532 dies,
270 479 362 537 quam
383 460 569 518 constituerat
589 479 655 520 curn
677 462 789 538 legatis,
805 463 893 532 venit,
908 472 936 521 et
950 463 1039 540 legati
1060 462 1178 524 adeum

189 560 377 620 reverterunt,
394 560 489 626 negat,
504 551 542 608 Se
556 570 635 608 more
656 560 685 608 et
697 553 830 628 exemplo
843 551 945 628 Populi
959 552 1083 612 Romani
1097 572 1180 628 possa

188 641 240 698 iter
261 640 316 697 ulli
328 657 391 715 ,per
409 638 591 696 Provinciam
612 639 680 698 dare
691 660 699 711 3
722 651 759 711 et,
782 643 807 700 si
827 643 886 704 vim
909 640 1005 700 facere
1028 651 1177 710 conentur,

188 731 398 805 prohibiturum
405 727 536 786 ostendit.
563 728 699 799 Helvetii,
709 749 802 808 caspe
813 731 926 807 dejecti,
939 732 1062 791 navibus
1069 725 1179 805 junctis

189 821 356 895 ratibusque
371 818 568 895 compluribus
582 818 676 890 factis,
686 821 734 878 alii
746 822 827 880 vadis
838 822 979 892 Rhodani,
990 839 1050 898 qua
1060 821 1179 881 minima
1191 827 1210 882 Β

189 909 306 968 altitudo
320 910 449 967 fluminis
462 919 534 979 erat,
549 927 755 986 nonuunquam
769 913 902 981 interdiu,
912 914 1028 988 saepius
1042 921 1139 980 noctu,
1153 912 1180 970 si

189 1017 374 1076 perrumpere
389 1009 511 1074 possent,
527 1000 630 1068 conati,
645 1002 738 1076 operis
752 1003 910 1060 munitione
931 1011 960 1058 et
973 1001 1098 1060 militum
1111 1018 1178 1058 con-

189 1107 277 1146 cursu
291 1099 320 1145 et
333 1088 400 1146 telis
414 1087 531 1163 repulsi,
547 1089 601 1146 hoc
615 1100 719 1146 conatu
734 1090 914 1149 destiterunt.

228 1177 281 1235 IX.
303 1177 535 1254 Relinquebatur
555 1197 614 1236 uua
632 1197 684 1254 per
697 1179 848 1255 Sequanos
869 1181 926 1248 via,
946 1198 1014 1256 qua,
1036 1179 1180 1254 Sequanis

190 1267 295 1336 invitis,
316 1277 430 1344 propter
445 1268 592 1342 augustias
614 1269 658 1324 ire
679 1287 735 1329 non
758 1277 897 1344 poterant.
940 1267 996 1326 His
1017 1261 1108 1342 quu'rn
1127 1267 1231 1324 suelli

191 1366 292 1432 sponte
318 1355 492 1431 persuadere
519 1375 576 1414 non
612 1368 735 1433 possent,
764 1358 874 1434 legatos
909 1356 944 1414 ad
971 1355 1180 1431 Dumnorigem

192 1443 332 1501 Aeduum
345 1447 466 1516 mittunt,
482 1456 522 1516 ut,
538 1465 573 1504 eo
586 1446 780 1521 deprecatore,
796 1466 813 1504 a
827 1446 970 1521 Sequanis
983 1446 1179 1520 impetrarent.

192 1532 353 1592 Dumnorix
381 1536 476 1615 gratia
504 1546 533 1594 et
560 1536 714 1613 largitione
741 1535 816 1612 apud
844 1536 994 1610 Sequanos
1023 1535 1181 1611 plurimum

190 1634 307 1702 poterat,
322 1635 350 1682 et
364 1625 508 1684 Helvetiis
525 1635 587 1684 crat
601 1627 721 1694 amicus,
733 1625 809 1702 quod
823 1645 860 1683 ex
874 1645 910 1682 aa
923 1626 1039 1684 civitate
1060 1624 1179 1703 Orgeto-

190 1714 260 1790 rigis
286 1715 376 1772 liliam
400 1716 431 1772 in
455 1716 670 1774 matrimonium
694 1715 824 1786 duxerat,
853 1725 890 1785 et,
915 1715 1069 1792 cupiditate
1098 1715 1180 1792 regni
1195 1717 1232 1770 15

190 1804 339 1874 adductus,
355 1806 437 1862 novis
459 1805 546 1862 rebus
567 1801 706 1876 studebat,
727 1815 755 1864 et
776 1825 863 1882 quarn
888 1805 1028 1882 plurimas
1049 1805 1181 1863 civitates

190 1913 240 1952 suo
267 1895 321 1952 sibi
350 1894 490 1952 beneficio
518 1895 626 1952 habere
650 1895 800 1952 obstrictas
824 1896 946 1952 volebat.
988 1894 1089 1970 Itaque
1118 1912 1180 1950 rem
1204 1935 1208 1944 .

189 1984 316 2060 suscipit,
336 1993 365 2040 et
386 1983 561 2058 aSequauis
582 1983 723 2060 impetrat,
740 1995 771 2041 ut
791 2003 842 2060 per
856 1985 928 2042 fines
948 2002 1015 2041 suos
1029 1983 1180 2042 Helvetios
1217 1981 1220 1988 ’

190 2073 231 2130 ire
246 2075 400 2150 patiantur,
410 2072 579 2148 obsidesque
590 2076 631 2130 uti
640 2076 715 2132 inter
728 2093 792 2133 sese
806 2073 882 2143 deut,
892 2073 1020 2150 perficit:
1042 2071 1191 2148 Sequani„

190 2181 225 2220 ne
246 2165 347 2220 itinere
366 2161 516 2220 Helvetios
536 2163 723 2238 prohibeant;
746 2163 883 2234 Helvetii,
906 2171 937 2220 ut
957 2163 1019 2220 siue
1038 2160 1182 2218 maleficio
1194 2165 1236 2226 2⁰

191 2262 218 2308 et
232 2252 338 2326 injuria
352 2261 510 2309 transeant.
608 2271 610 2274 ·
648 2299 650 2306 ,

231 2340 267 2398 X.
289 2341 409 2400 Caesari
425 2343 621 2414 renunciatur,
631 2341 774 2400 Helvetiis
788 2363 850 2402 esse
864 2344 895 2400 in
909 2344 1005 2400 animo
1018 2357 1182 2418 peregrum

192 2430 389 2505 Sequanorum
405 2440 434 2496 et
448 2431 618 2488 Aeduorum
632 2433 687 2490 iter
701 2435 732 2490 iu
745 2432 905 2490 Santonum
923 2433 997 2490 fines
1010 2430 1116 2500 facere,
1131 2430 1183 2505 qui

193 2537 249 2576 nou
265 2519 349 2596 longe
372 2539 390 2578 a
412 2519 592 2580 Tolosatium
614 2523 720 2580 finibus
743 2523 855 2590 absunt,
877 2540 952 2596 quae
969 2520 1075 2578 ,civitas
1096 2519 1183 2574 estin

193 2607 353 2667 Provincia.
395 2609 428 2668 Id
448 2611 472 2668 si
495 2611 588 2680 fieret,
603 2609 783 2686 intelligebat
804 2628 911 2686 magno
930 2626 998 2664 cum
1013 2605 1183 2664 Provinciae
1196 2611 1236 2668 25

191 2701 320 2778 periculo
335 2700 474 2772 futurum,
490 2711 522 2759 ut
542 2703 673 2764 hemines
694 2700 853 2769 bellicosos,
869 2697 972 2774 Populi
986 2695 1110 2756 Romani
1131 2697 1183 2752 ini.

192 2792 290 2861 micea,
318 2790 389 2848 locis
416 2792 581 2867 patentibus
608 2791 793 2864 maximeque
821 2787 1018 2846 frumentariis
1048 2785 1183 2844 finitimos
1265 2821 1268 2828 ·

193 2879 320 2938 haberat.
346 2880 408 2940 ·0b
422 2899 473 2938 eas
487 2899 592 2938 causas
606 2882 633 2938 ei
654 2880 815 2951 munitioni,
830 2897 919 2955 quam
939 2875 1056 2948 fecerat,
1072 2875 1109 2936 T.
1125 2874 1182 2935 La·

193 2968 308 3026 bienum
322 2970 451 3047 legatum
466 2969 623 3046 praefecit:
645 2971 706 3046 ipse
726 2971 756 3028 in
771 2969 885 3028 Italiam
899 2969 1012 3046 magnis
1032 2969 1183 3031 itineribus

193 3059 344 3129 contendit,
354 3059 483 3134 duasque
498 3059 538 3116 ibi
553 3059 681 3135 legiones
691 3060 854 3131 conscribit,
865 3070 894 3116 et
903 3057 1055 3134 tres,quae
1070 3059 1182 3116 circum
1195 3059 1234 3118 lili

161 3187 164 3194 ·
193 3149 360 3224 Aquileiam
374 3149 549 3217 hiemabant,
570 3167 606 3206 ex
627 3149 754 3206 hibernis
767 3148 873 3219 educit,
889 3158 926 3218 et,
941 3167 1000 3223 qua
1020 3149 1182 3225 proximum

193 3239 246 3294 iter
259 3239 289 3294 in
305 3237 471 3296 ulteriorem
486 3235 614 3296 Galliam
635 3255 687 3314 per
701 3238 793 3316 Alpes
813 3247 884 3308 erat,
900 3257 968 3298 cum
988 3239 1034 3296 bis
1054 3239 1182 3314 quinque

193 3325 353 3404 legionibus
375 3329 418 3386 ire
441 3327 595 3386 contendit.
637 3327 680 3386 lbi
700 3328 858 3386 Ceutrones
876 3338 905 3408 et
926 3326 1072 3386 Graioceli
1086 3336 1115 3384 et
1128 3325 1182 3383 Ca-

194 3417 309 3494 turiges,
325 3416 398 3474 locis
419 3417 615 3493 superioribus
635 3419 793 3496 occupatis,
815 3418 917 3489 itinere
940 3417 1101 3474 exercitum
1122 3428 1183 3485 pro-

193 3505 456 3580 hiberesconantur.
498 3505 700 3583 Compluribus
720 3507 767 3565 his
779 3506 898 3582 proeliis
919 3504 1018 3582 pulsis,
1034 3503 1070 3560 ab
1085 3496 1184 3563 Ocelo,
1199 3499 1237 3560 ab.

193 3596 266 3670 quod
281 3605 324 3654 est
339 3596 480 3653 citerioris
489 3595 657 3654 Provinciae
671 3607 843 3663 extremum,
854 3595 884 3650 in
898 3593 970 3650 fines
980 3587 1186 3650 Vocontiorum

194 3685 338 3742 ulterioris
360 3683 531 3742 Provinciae
545 3685 591 3742 die
613 3687 733 3760 septimo
753 3682 900 3759 pervenit:
922 3679 988 3734 inde
1009 3678 1039 3732 in
1054 3671 1186 3732 Allobro·

192 3791 263 3850 gum
277 3775 360 3845 fines,
376 3774 413 3834 ab
434 3772 640 3848 Allobrogibus
661 3774 692 3830 in
713 3769 889 3845 Segusiauos
913 3765 1072 3822 exercitum
1095 3759 1184 3820 ducit.

195 3859 235 3920 Hi
248 3876 316 3922 suut
326 3873 410 3921 extra
424 3861 607 3920 Provinciam
617 3870 697 3918 trans
712 3854 888 3916 Rhodanum
902 3853 998 3926 primi.

675 3951 709 4004 2*
