2844 4340
178 309 240 377 lte
547 320 591 368 os
608 317 713 364 estne
729 313 870 362 eserico
1065 315 1132 370 [cu.
1142 319 1176 368 o.
1185 319 1218 362 n.

226 458 299 536 quin
322 459 365 516 rei
388 459 512 516 novitate
534 453 727 530 perturbetur.
769 451 901 520 Barbari,
924 451 1008 528 signs
1030 451 1131 528 procul
1153 469 1218 509 eon-

226 547 340 624 spicati,
354 545 565 620 oppugnatione
586 541 747 598 desistunt:
770 539 878 597 redisse
898 540 990 616 primo
1010 537 1138 617 legiones
1158 557 1218 596 cre.

229 635 309 705 dunt,
324 652 396 710 ques
417 633 530 707 longius
544 629 711 687 discessisse
731 647 767 686 ex
782 630 904 704 captivis
925 639 1137 706 cognoverant:
1159 639 1218 704 pos*

228 732 285 793 tea,
307 719 441 798 despecta
466 718 620 795 paucitate,
645 737 682 776 ex
707 719 841 775 omnibus
865 717 995 793 partibus
1019 719 1157 794 impetum
1178 715 1218 774 ss·

195 812 319 876 ficiunt.

268 895 332 954 XL.
354 895 478 953 Calones
499 896 529 953 iu
554 895 718 972 proximum
745 895 891 952 tumulum
916 905 1098 971 procurrunt.
1141 893 1220 952 Hinc

174 983 179 990 ’
224 985 361 1042 celeriter
382 984 498 1060 deiecti,
523 1003 554 1042 se
579 986 610 1042 in
635 985 718 1061 signe
743 984 962 1061 manipulosque
986 983 1163 1059 conjiciunt:
1185 1003 1220 1042 eo

225 1075 319 1150 magis
340 1075 453 1132 timidos
475 1083 636 1151 perterrent
659 1075 775 1132 milites.
820 1073 890 1144 Alii,
905 1090 998 1131 cuneo
1019 1071 1103 1142 facto,
1119 1079 1151 1130 ut
1170 1091 1217 1130 ce·

184 1181 188 1188 ’
225 1163 323 1222 leriter
350 1173 547 1240 perrumpant,
572 1173 700 1234 censent,
724 1165 862 1239 quonism
886 1173 949 1220 tarn
977 1163 1136 1239 propinqua
1162 1162 1219 1219 sint

172 1261 214 1318 10
225 1262 341 1326 castra3
358 1253 436 1324 et,si
457 1270 525 1331 pars
543 1253 644 1330 alique
664 1254 864 1312 circumventa
883 1251 1030 1321 ceciderit,
1045 1261 1075 1308 at
1094 1251 1220 1326 reliquos

223 1343 335 1400 servari
360 1361 442 1419 posse
467 1343 632 1401 confidenti
654 1343 713 1413 alii,
740 1352 771 1401 ut
795 1343 826 1399 in
848 1343 920 1418 jugo
944 1342 1109 1411 consimnt,
1134 1350 1219 1416 atque

224 1429 349 1490 eundem
375 1449 475 1491 omnes
503 1431 597 1490 ferant
626 1451 738 1491 casum.
782 1432 847 1490 Hoc
876 1441 987 1490 veteres
1014 1449 1071 1490 uon
1098 1431 1217 1508 probant

225 1521 339 1590 milites,
362 1537 436 1596 quos
457 1521 512 1578 sub
534 1521 642 1580 vexillo
668 1541 727 1580 une
751 1520 893 1598 profectos
916 1521 1077 1578 docuimus.
1119 1518 1219 1596 ltaque

223 1608 301 1666 inter
321 1625 353 1666 se
374 1609 524 1678 cohortati,
539 1609 614 1667 duce
627 1610 662 1668 C.
679 1609 834 1679 Trebonio,
849 1610 947 1685 equite
962 1609 1099 1678 Romano,
1113 1611 1163 1684 qui
1177 1610 1220 1666 eis

172 1699 486 1774 temtempestas,
499 1716 551 1774 per
561 1698 669 1756 medios
680 1699 775 1756 hostes
790 1708 989 1776 perrumpunt,
1002 1699 1219 1773 incolumesque

220 1785 261 1860 'a'd
276 1804 367 1844 uuum
381 1803 480 1844 ornnes
494 1787 524 1842 iu
535 1793 631 1843 castra
646 1789 828 1863 perveniunt.
872 1787 935 1845 Hos
945 1789 1093 1846 subsecuu‘
1104 1788 1220 1846 calones

220 1875 394 1950 equitesque
408 1875 508 1932 eodem
530 1875 646 1950 impetu,
662 1876 786 1932 militum
800 1877 906 1933 virtute
921 1887 1084 1935 servantur.
1127 1878 1169 1935 At
1187 1879 1218 1948 ii,

222 1965 275 2038 qui
297 1965 327 2022 in
347 1964 418 2042 jugo
440 1963 636 2034 constiterant,
652 1964 733 2022 nullo
754 1965 842 2022 etiam
862 1983 942 2022 nnnc
957 1983 1013 2023 usu
1029 1968 1071 2024 rei
1085 1967 1219 2024 militaris

223 2062 368 2129 percepto,
383 2071 478 2128 neque
492 2054 522 2110 in
537 2073 579 2122 eo,
595 2053 670 2128 quod
685 2052 886 2130 probaverant,
901 2053 1022 2111 consilio
1036 2071 1217 2130 permanere,

170 2147 211 2201 20
223 2151 256 2198 ut
269 2159 301 2199 se
316 2141 381 2199 loco
394 2141 542 2217 superiore
557 2140 751 2212 defenderent,
769 2160 864 2218 neque
885 2161 960 2212 eam,
975 2159 1063 2218 quam
1079 2143 1218 2219 profuisse

223 2229 290 2287 aliis
316 2231 375 2286 vim
402 2230 639 2305 celeritatemque
667 2230 806 2301 viderant,
829 2232 936 2288 imitari
963 2241 1135 2307 potuerunt3
1157 2233 1217 2302 sed,

222 2333 255 2377 se
269 2319 299 2376 in
319 2329 417 2377 castra
437 2319 566 2394 recipere
587 2319 692 2388 conati,
707 2319 840 2394 iniquum
861 2321 891 2378 in
912 2319 1010 2378 locum
1031 2321 1215 2378 demiserunt.

221 2407 427 2478 Centuriones,
442 2425 566 2484 quorum
581 2405 713 2465 nonnulli
727 2427 764 2464 ex
779 2407 963 2466 inferioribus
983 2409 1130 2468 ordinibus
1152 2409 1216 2466 reli-

221 2507 349 2572 quarum
370 2497 519 2576 legionum
534 2497 649 2555 virtutis
670 2513 761 2555 eausa
775 2498 806 2554 in
820 2499 983 2575 superiores
1003 2509 1085 2558 erant
1104 2500 1218 2557 ordines

169 2597 210 2652 25
223 2586 312 2664 hujus
326 2587 448 2665 legionis
460 2586 629 2656 transducti,
641 2603 678 2644 ne
690 2595 756 2644 aute
771 2597 883 2663 partam
898 2587 940 2644 rei
955 2588 1087 2646 militaris
1100 2587 1218 2646 laudem

222 2678 395 2746 amitterent,
411 2675 563 2734 onesimo
585 2685 747 2753 pugnantes
760 2673 957 2734 conciderunt.
1001 2676 1127 2734 Militum
1141 2695 1216 2752 pars,

221 2763 326 2825 borum
341 2767 447 2822 virtute
460 2766 600 2824 submotis
621 2763 758 2834 hostibus,
773 2768 889 2850 praeter
910 2783 991 2842 spem
1013 2767 1167 2824 incolumis
1187 2768 1218 2824 in

220 2860 320 2908 cestra
333 2853 484 2925 perrenit3
508 2871 575 2928 pars
589 2871 608 2909 a
621 2853 753 2910 barbaris
767 2854 967 2912 circumventa
982 2853 1076 2929 periit.

263 2935 344 2992 XLI.
367 2937 516 3008 Gemrani,
538 2941 689 3017 desperate
712 2943 925 3020 expugnatione
949 2953 1119 3012 castrorum,
1140 2944 1217 3020 qncd

168 3027 210 3088 so
223 3032 335 3080 nostros
355 3023 418 3098 jam
442 3029 603 3086 constitisse
627 3031 658 3087 in
682 3032 892 3090 munitionibus
917 3033 1062 3101 videbant,
1087 3048 1156 3091 curn
1180 3052 1217 3090 ea

222 3110 340 3186 {medat
355 3129 443 3186 quern
457 3115 488 3170 in
503 3116 585 3174 silvis
595 3118 794 3194 deposuerant,
810 3133 891 3180 trans
906 3122 1042 3180 Rhenum
1056 3141 1119 3182 sese
1135 3139 1216 3182 rece·

219 3208 336 3276 perunt.
379 3200 426 3258 Ac
439 3210 537 3262 tantus
550 3203 615 3275 suit,
626 3209 714 3265 etiem
725 3221 787 3286 post
797 3211 957 3270 discessum
968 3212 1102 3282 hostiurn,
1114 3222 1216 3284 terror,

222 3296 255 3346 ut
278 3307 313 3346 ea
334 3298 428 3359 nocte,
452 3309 544 3366 quum
564 3293 599 3351 C
621 3294 789 3357 Volusenus
811 3303 921 3359 missus
939 3320 1008 3359 cum
1029 3303 1160 3388 equitatu
1181 3303 1217 3360 ad

221 3387 318 3440 cestra
343 3379 478 3450 venisset,
507 3381 594 3440 fidem
621 3402 678 3442 non
707 3386 825 3460 feceret,
854 3392 955 3449 adesse
982 3409 1051 3449 curn
1078 3393 1217 3451 incolumi

166 3465 209 3532 ὀὔ
220 3456 378 3528 Caesarem
392 3472 535 3530 exercitu.
578 3473 629 3532 Sin
649 3479 779 3535 omnium
800 3481 911 3540 animos
924 3483 1009 3538 timor
1023 3501 1217 3559 praeoccupe-

218 3569 313 3630 verat,
329 3568 360 3617 ut
362 3577 472 3636 ,paene
486 3562 613 3621 alienate
627 3575 732 3636 mente,
742 3567 842 3626 deletis
856 3571 990 3628 omnibus
1004 3573 1094 3648 copiis
1108 3574 1217 3647 equita·

218 3657 284 3705 tum
298 3669 329 3706 se
343 3667 380 3706 ex
395 3649 466 3728 suga
480 3656 624 3730 recepisse
637 3655 787 3715 dicerent·
778 3677 908 3734 ;neque,
923 3662 1062 3718 incolumi
1076 3662 1217 3731 exercitu,

221 3735 385 3796 Germanos
398 3751 494 3800 castra
514 3757 730 3822 oppugnaturos
751 3747 840 3804 fuisse
863 3750 1078 3808 contenderent.
1120 3751 1217 3817 Quem

221 3821 354 3880 timorem
367 3825 503 3888 Caesaris
517 3833 658 3891 adventus
672 3836 798 3892 sustulit.

1300 617 1324 646 N
