2844 4340
177 251 238 312 124
540 263 583 309 on
601 261 708 308 sunno
721 256 861 306 asiarco
1068 257 1135 310 [cas.
1144 261 1222 326 aare

227 397 304 472 quod
313 399 423 473 proelio
431 395 624 458 dimicandum
638 411 694 450 non
704 385 880 459 existimarit,
889 401 926 447 a'u
935 399 1061 466 tempore
1072 391 1219 462 exclusus,

227 496 256 544 et
266 490 415 562 repentino
426 489 554 562 equitum
565 481 688 538 adventu
700 481 858 556 prohibitus
868 481 962 550 suerit,
972 499 1063 556 quum
1074 480 1220 556 reliquum

227 576 387 634 exercitum
410 573 546 648 subsequi
569 570 709 640 crederet,
724 570 844 626 dubium
868 581 930 628 est:
954 569 1003 629 sed
1033 580 1120 640 certe,
1142 569 1220 628 olam

228 665 352 725 dimissis
374 681 425 738 per
447 679 532 736 agros
555 659 681 728 nunciis,
702 659 756 716 sibi
780 679 923 736 quemque
944 658 1095 717 consulere
1113 659 1198 735 jussit
1209 679 1219 716 ι,

196 763 350 828 §quorum
377 767 443 825 pars
470 750 500 806 in
528 748 720 806 Arduennam
747 749 861 819 silvam,
891 769 959 826 pars
986 751 1017 807 in
1044 750 1246 808 continentes

226 841 346 916 paludes
360 836 486 914 profugit
498 857 506 908 ;
529 838 580 914 qui
601 839 724 914 proximi
746 837 900 896 Oceanum
914 837 1042 908 suerum,
1057 839 1103 896 his
1117 837 1222 896 insulis

225 945 288 986 sese
309 926 539 996 occultaverunt,
561 945 635 1003 quas
656 939 752 986 aestus
772 927 887 986 effluere
909 937 1104 986 consuerunt:
1125 927 1218 996 multi,

224 1034 261 1073 ex
275 1017 336 1074 suis
357 1016 463 1074 finibus
476 1018 595 1096 egressi,
610 1037 641 1075 se
656 1036 767 1094 suaque
781 1020 877 1076 omnio
892 1017 1075 1076 alienissimis
1089 1017 1218 1076 credide-

225 1117 302 1164 runt.
344 1106 523 1177 CstIvolous,
538 1125 590 1164 rex
611 1107 746 1166 dimidiae
771 1109 860 1184 partis
885 1107 1065 1177 Eburonum,
1087 1107 1138 1184 qui
1160 1125 1220 1166 una

176 1205 213 1262 10
226 1213 294 1254 oum
322 1195 492 1275 Ambiorige
520 1197 674 1255 consilium
701 1199 815 1268 Inierat,
844 1207 937 1256 aetate
969 1197 1031 1273 jam
1059 1196 1219 1266 coniectus,

224 1303 315 1360 quum
329 1285 458 1346 laborem
473 1297 522 1344 eut
537 1286 605 1345 belli
621 1297 672 1345 aut
686 1284 775 1364 fugae
795 1287 872 1345 ferre
892 1302 949 1344 nou
970 1298 1072 1364 posset,
1087 1288 1220 1345 omnibus

226 1376 360 1452 precibus
373 1375 529 1434 detestatus
544 1377 753 1452 Ambiorigem,
765 1378 816 1452 qui
830 1378 894 1452 ejus
909 1377 1021 1434 consilii
1036 1387 1136 1436 auctor
1150 1375 1218 1434 iuis-

225 1475 276 1534 set,
291 1475 367 1535 taxo,
382 1467 469 1543 cujus
491 1484 598 1543 magua
619 1466 650 1524 iu
672 1465 771 1524 Gallio
793 1465 1010 1542 Germaniaque
1025 1467 1108 1543 copia
1121 1475 1173 1536 esi,
1187 1485 1219 1524 se

224 1557 411 1614 exanimavit.

175 1653 212 1710 15
266 1643 391 1703 XXXII.
421 1644 511 1720 Segni
535 1643 746 1718 Condrusique,
770 1661 806 1700 ex
834 1651 920 1720 geute
943 1653 971 1700 et
996 1661 1116 1701 numero
1144 1643 1218 1702 Ger·

224 1751 375 1790 manorum
399 1733 450 1808 qui
472 1743 539 1790 sunt
561 1733 635 1790 iuter
656 1731 810 1790 Eburones
831 1732 1036 1806 TrevIrosque,
1051 1731 1160 1808 legatos
1182 1733 1220 1792 ad

224 1822 380 1880 Caesarem
395 1823 534 1880 miserunt
547 1831 670 1890 oratum,
682 1822 729 1878 Ne
740 1841 771 1878 se
781 1823 811 1878 in
822 1823 946 1880 hostiurn
954 1840 1078 1880 numero
1088 1822 1217 1894 duceret,
1242 1829 1245 1834 '
1353 1815 1356 1820 ¹

223 1931 298 1970 neve
311 1913 440 1970 omnium
455 1911 676 1980 Gennanorum,
692 1912 852 1986 quiessent
872 1911 947 1971 citra
968 1909 1116 1980 Rhenum,
1129 1931 1219 1970 unam

224 2023 287 2061 esse
311 2020 431 2060 oausam
453 1999 617 2075 judicaret:
649 1999 721 2058 nibil
745 2020 776 2058 se
802 2000 838 2058 de
864 1999 939 2058 bello
963 2001 1219 2078 cogitassemus

171 2097 212 2153 20
225 2092 386 2168 Ambiorigi
402 2075 512 2149 auxilia
531 2091 653 2148 misisse.
695 2090 813 2159 Caesar,
829 2091 977 2166 explorata
998 2109 1029 2148 re
1049 2092 1218 2165 quaestione

224 2181 412 2257 captiuorum,
427 2181 452 2238 si
471 2180 524 2255 qui
541 2179 577 2237 ad
596 2199 645 2237 eos
660 2179 812 2238 Eburones
825 2199 861 2236 ex
876 2178 947 2256 iuga
961 2181 1171 2249 convenissent,
1186 2194 1218 2238 ut

223 2270 261 2330 ad
274 2290 306 2328 se
320 2269 537 2340 reducerentur,
552 2269 723 2344 imperavit:
738 2269 763 2326 si
778 2269 818 2327 ita
834 2267 978 2338 iecissent,
990 2269 1062 2326 lines
1073 2286 1173 2326 eorum
1185 2288 1218 2328 se

223 2360 399 2436 uiolatorum
422 2359 548 2435 negavit.
591 2357 670 2416 Turn
693 2358 783 2434 copiis
801 2359 831 2416 in
853 2368 911 2416 tres
933 2369 1029 2434 partes
1049 2358 1216 2428 distributis,

223 2449 426 2527 impedimenta
452 2449 580 2508 omnium
609 2447 756 2526 legionum
786 2448 974 2509 Aduatucam
1002 2448 1133 2506 contulit.
1184 2443 1218 2506 Id

170 2547 210 2604 25
224 2531 336 2598 castelli
350 2557 452 2614 nomen
468 2547 520 2595 est.
563 2537 628 2597 Hoc
643 2536 703 2594 fere
714 2538 795 2596 estin
809 2538 910 2595 mediis
921 2537 1091 2596 Eburonum
1102 2537 1216 2607 linibus,

224 2629 274 2687 ubi
285 2629 419 2688 Titurius
434 2638 521 2704 atque
531 2627 754 2684 Aurunculeius
763 2627 909 2686 hiemandi
919 2645 1009 2684 causa
1017 2627 1215 2686 consederant.

223 2717 313 2778 Hunc
328 2737 397 2777 cum
412 2717 531 2792 reliquis
545 2717 631 2774 rebus
646 2716 742 2776 locum
765 2716 910 2792 probabat,
926 2727 988 2774 tum
1002 2717 1077 2791 quod
1091 2717 1216 2792 superio·

223 2806 264 2865 ris
285 2806 352 2862 anni
373 2807 545 2862 munitiones
563 2806 695 2881 integrae
716 2807 878 2874 manebant,
894 2815 926 2863 ut
946 2806 1071 2863 militum
1089 2807 1217 2864 laborem

222 2893 397 2952 sublevaret.
440 2893 586 2951 Praesidio
601 2896 812 2971 impedimentis
823 2897 966 2971 legionem
976 2894 1119 2954 decimam
1130 2914 1215 2970 quar-

171 2991 210 3049 30
223 2989 281 3036 tam
296 2980 420 3054 reliquit,
437 2997 526 3038 unam
541 3001 576 3038 ex
592 2983 628 3042 iis
642 2986 742 3050 tribus,
758 2989 831 3059 quas
845 2984 973 3060 proxime
987 2984 1165 3058 conscriptas
1178 3002 1215 3040 ex

222 3067 305 3126 Italia
319 3068 530 3126 transduxerat.
573 3069 612 3128 Ei
627 3072 733 3149 legioni
748 3075 908 3148 castrisque
923 3071 961 3136 Q.
979 3069 1111 3129 Tullium
1132 3071 1215 3130 Cios-

222 3173 320 3215 runem
335 3155 481 3232 praefecit,
497 3157 691 3236 ducentosque
705 3163 816 3236 equites
830 3161 968 3219 attribuit.

262 3245 401 3306 XXXIII.
424 3246 531 3306 Partito
556 3251 697 3320 exercitu,
718 3251 755 3308 T.
777 3251 941 3310 Labienum
963 3269 1031 3308 eum
1054 3250 1216 3327 legionibus

222 3337 313 3396 tribus
341 3337 378 3394 ad
406 3335 559 3394 Oceanum
582 3356 683 3396 versus
707 3342 737 3396 iu
760 3360 811 3398 cas
838 3351 942 3417 partes,
966 3359 1042 3416 quae
1067 3340 1216 3420 Menapios

170 3442 207 3500 35
222 3429 374 3506 attingunt,
387 3426 529 3504 proficisci
541 3426 641 3502 jubet:
663 3429 697 3486 C.
715 3429 894 3488 Trebonium
908 3450 977 3488 cum
992 3432 1055 3506 pari
1069 3431 1216 3508 legionum

221 3537 342 3578 numero
362 3517 398 3576 ad
419 3533 484 3574 eam
505 3517 661 3593 regionem,
676 3537 753 3592 quae
767 3519 933 3578 Aduatueis
954 3521 1077 3596 adjacet,
1092 3522 1215 3598 depopu-

220 3609 337 3668 landam
360 3607 463 3665 mittit:
485 3607 545 3684 ipse
566 3623 635 3664 curn
656 3606 775 3682 reliquis
796 3610 889 3672 tribus
903 3609 939 3666 ad
955 3611 1063 3668 flumen
1078 3609 1215 3682 Scaldim,

219 3699 295 3773 quod
316 3698 410 3756 influit
435 3698 465 3754 iu
491 3697 612 3768 Mosam,
633 3706 834 3774 extremasque
855 3698 1036 3758 Arduennae
1057 3711 1153 3776 partes
1173 3703 1216 3760 ira

220 3787 377 3857 obmutuit,
389 3805 447 3864 quo
460 3807 530 3858 oum
550 3788 653 3864 paucis
673 3788 818 3864 equitibus
839 3786 1001 3862 proiectum
1016 3789 1216 3866 Ambiorigem
