2804 4312
193 297 237 358 28
335 340 338 345 .
550 301 594 348 DE
613 299 719 348 BELLO
738 297 881 346 Gnnnloo
1079 299 1232 354 [omnm.

244 443 338 512 sonis,
352 443 394 500 uti
408 457 507 499 omues
520 457 556 496 ex
571 437 687 496 Galliae
708 437 814 496 finibus
828 435 1013 514 pellerentur,
1027 445 1115 512 atque
1134 453 1234 494 omnes

245 532 384 589 Germani
399 531 535 588 Rhenum
548 529 722 586 transirent:
744 545 838 602 neque
859 527 936 583 enim
950 525 1157 584 eonferendum
1170 543 1233 584 esse

245 620 394 678 Gallicum
408 637 476 677 oum
495 617 708 676 Germanorum
728 633 818 692 egro;
841 635 935 692 neque
957 616 1032 674 hano
1053 613 1232 674 eonsuetudi-

244 727 311 765 nem
325 709 420 766 victus
441 727 510 766 oum
530 708 582 766 illa
603 706 837 782 comparandam.
879 706 1059 764 Ariovistum
1080 715 1186 774 autem,
1202 713 1234 764 ut

214 809 232 863 5
245 798 334 856 semel
351 797 502 856 Gallorum
517 798 615 874 copias
629 796 736 872 proelio
750 796 861 866 vicerit,
879 795 954 872 quod
969 795 1109 872 proelium
1124 794 1234 854 iactum

245 888 282 949 ait
303 888 338 945 ad
353 887 571 965 Magetobriam‚
586 887 711 964 superbe
732 897 760 945 et
782 886 941 944 crudeliter
954 887 1107 962 imperare,
1122 885 1234 944 obsides

244 977 412 1035 nobilissimi
427 978 569 1054 cujusque
583 977 687 1036 liberos
701 994 828 1054 posuere,
843 986 871 1034 et
886 977 915 1032 in
929 995 978 1033 eos
991 976 1087 1032 omnia
1100 974 1239 1050 exemple-

244 1067 450 1143 oruoiatusque
465 1064 594 1136 edere,si
608 1085 666 1142 qun
681 1085 798 1124 resnou
813 1065 850 1123 ad
864 1075 968 1124 nutum
988 1064 1087 1122 autad
1103 1064 1233 1121 volunta·

244 1165 302 1214 tem
325 1157 390 1232 ejus
414 1155 491 1215 saeta
512 1159 565 1215 sit:
597 1157 741 1216 hominem
765 1175 829 1214 esse
858 1157 1021 1224 herbarum,
1049 1154 1234 1224 iracundum,

192 1253 232 1310 10
245 1247 451 1304 temerarium:
473 1262 529 1304 non
545 1267 627 1324 posse
648 1247 712 1321 ejus
733 1247 855 1322 imperio
875 1245 984 1303 diutius
1004 1245 1157 1302 sustiueri:
1178 1244 1235 1302 nisi

244 1337 352 1413 siquid
373 1338 403 1396 iu
424 1337 551 1396 Caesare
573 1337 739 1414 Populoque
761 1336 892 1393 Romano
910 1336 947 1392 sit
969 1334 1080 1404 auxilii,
1102 1334 1235 1391 omnibus

245 1426 341 1486 Gallis
355 1427 432 1485 idem
446 1447 510 1486 esse
532 1425 706 1496 iaciendum,
721 1426 797 1502 quod
812 1425 940 1483 Helvetii
955 1423 1084 1493 iecerint,
1100 1433 1131 1480 ut
1152 1423 1235 1482 domo

244 1518 404 1592 emigrent;
428 1517 506 1574 uliud
521 1517 708 1586 domicilium,
719 1517 791 1573 elias
802 1516 893 1584 sedes,
906 1523 1030 1572 remotas
1041 1533 1059 1572 a
1070 1513 1233 1580 Germanis,

245 1613 366 1679 petant;
404 1604 614 1681 fortunamque,
649 1623 842 1680 quaeeunque
876 1604 999 1674 accidat,
1038 1603 1233 1679 exponantur.

191 1695 231 1750 ‘lll
244 1691 329 1750 Haeo
343 1693 368 1750 si
387 1694 543 1750 enunciata
559 1695 706 1750 Ariovisto
726 1695 792 1762 siut,
807 1712 864 1750 non
878 1693 1021 1763 dubitare,
1035 1694 1106 1769 quin
1118 1692 1155 1748 de
1175 1709 1234 1748 om-

244 1781 330 1838 nibus
343 1781 497 1850 obsidibus,
512 1783 563 1857 qui
584 1781 658 1857 apud
674 1801 742 1840 eum
756 1783 821 1852 siut,
842 1783 1046 1858 gravissimum
1060 1781 1235 1858 supplicium

244 1879 350 1926 sumet.
389 1869 548 1928 Caesarem
568 1871 614 1930 vel
639 1871 810 1928 auctoritate
832 1891 886 1929 sua
909 1882 995 1948 atque
1017 1873 1172 1941 exereitus,
1188 1871 1234 1930 vel

245 1960 355 2017 recenti
368 1960 498 2029 viatoria,
521 1960 568 2017 vel
589 1951 703 2018 nourine
717 1959 818 2037 Populi
840 1961 963 2018 Romani
982 1960 1128 2020 deterrere
1144 1979 1234 2038 posse,

245 2069 282 2109 ne
303 2053 395 2130 major
408 2051 561 2111 multitudo
576 2053 789 2112 Germanorum
804 2051 939 2110 Rhenum
952 2054 1142 2130 traducetur3
1165 2054 1235 2112 Gul-

191 2146 233 2200 20
245 2140 372 2216 liumque
385 2159 500 2199 omnem
514 2143 550 2199 ab
565 2142 705 2200 Ariovisti
719 2142 826 2218 injuria
840 2161 922 2218 posse
933 2142 1097 2201 defendere.

286 2227 410 2288 XXXII.
443 2229 509 2289 Hae
536 2232 663 2289 oratione
688 2231 725 2288 ab
749 2229 893 2288 Divitiuoo
920 2230 1026 2300 habita,
1051 2251 1159 2302 omues,
1184 2234 1236 2310 qui

245 2319 374 2389 aderant,
394 2337 499 2396 magno
514 2321 583 2378 fletu
604 2321 747 2378 auxilium
768 2339 786 2378 a
806 2320 933 2378 Caesare
954 2328 1052 2396 petere
1066 2331 1234 2398 coeperunt.

245 2409 459 2468 Animadvertit
473 2409 591 2481 Caesar,
606 2429 679 2468 unos
692 2429 729 2467 ex
742 2411 876 2468 omnibus
888 2409 1038 2486 Sequanos
1051 2409 1122 2466 nihil
1133 2429 1237 2470 earum

245 2517 344 2558 rerum
367 2499 474 2571 faeere,
499 2519 572 2576 quas
592 2501 681 2560 oeteri
703 2499 831 2560 facerent
843 2519 851 2572 ;
874 2499 924 2557 sed
944 2499 1049 2568 tristes,
1073 2500 1167 2577 eapite
1188 2501 1235 2558 do·

181 2595 232 2650 ‘25
246 2591 340 2662 misso,
355 2601 464 2650 terram
478 2592 594 2649 intueri.
637 2590 711 2668 Ejus
725 2591 768 2648 rei
782 2609 873 2649 omisa
884 2607 961 2666 quae
976 2599 1051 2648 osset
1064 2590 1186 2648 miratus
1199 2609 1236 2648 ex

245 2681 314 2756 ipsis
327 2682 461 2756 quaesiit.
503 2681 586 2738 Nihil
602 2678 730 2756 Sequani
746 2679 926 2756 respondere,
941 2678 992 2736 sed
1011 2679 1041 2736 in
1054 2679 1156 2737 eadem
1171 2681 1234 2738 tris-

244 2771 307 2826 titia
320 2772 400 2828 taciti
414 2789 595 2846 permanere.
630 2771 733 2835 Quum
741 2770 779 2826 ab
792 2770 828 2827 iis
841 2770 958 2846 saepius
968 2779 1129 2844 quaereret,
1140 2789 1235 2846 neque

245 2857 336 2913 ullam
345 2859 458 2914 omnino
465 2877 566 2915 vocem
577 2859 738 2933 exprimere
747 2870 850 2934 posset,
857 2859 933 2918 idem
940 2858 1106 2917 Divitieous
1113 2859 1235 2918 Aeduus

245 2945 406 3019 respoudit:
428 2944 493 3002 Hoc
514 2963 578 3002 esse
592 2946 771 3004 nuseriorem
784 2949 1005 3025 gravioremque
1027 2946 1170 3006 fortunam
1184 2948 1234 3006 Se·
1337 3009 1344 3034 1

195 3037 233 3093 30
245 3050 415 3109 quomrum,
431 3050 500 3108 pree
519 3033 706 3108 reliquorum,
728 3037 804 3112 qnod
817 3039 872 3096 soli
885 3057 922 3096 ne
942 3039 973 3094 in
991 3039 1105 3096 occulto
1118 3039 1235 3114 quidem

245 3122 337 3197 queri,
349 3139 403 3178 neo
414 3121 556 3178 auxilium
567 3121 729 3198 implorare,
742 3127 890 3198 auderent,
902 3127 1084 3204 absentisque
1096 3128 1235 3186 Ariovisti

244 3209 464 3279 crudelitatem·
478 3209 558 3268 velut
578 3212 603 3267 si
623 3229 722 3270 eorem
742 3214 863 3285 adesset,
886 3217 1054 3276 horrerent:
1086 3227 1236 3292 propterea

243 3297 320 3375 quod
330 3297 448 3374 reliquis
456 3308 554 3356 tamen
564 3298 650 3376 fugae
660 3301 784 3361 facultas
794 3305 927 3379 deretur3
944 3307 1087 3383 Sequanis
1096 3323 1173 3376 vero,
1184 3309 1235 3383 qui

245 3389 321 3446 intra
334 3387 406 3446 fines
417 3407 484 3445 suos
499 3388 678 3448 Ariovistum
693 3393 876 3468 recepissent,
892 3415 1015 3470 quorum
1026 3394 1128 3472 oppidu
1138 3397 1236 3454 omnia

195 3485 232 3540 35
245 3479 275 3536 in
288 3487 426 3554 potestate
440 3477 505 3553 ejus
518 3489 621 3548 essent,
636 3499 736 3538 omnes
749 3484 898 3540 eruciatus
912 3495 1006 3544 essent
1021 3483 1193 3562 perferendi

286 3567 424 3626 XXXIII.
439 3565 495 3624 His
504 3568 590 3626 rebus
600 3569 731 3646 cogniti,
739 3569 849 3630 Caesar
858 3571 1011 3630 Gallorum
1020 3575 1130 3632 animos
1139 3575 1235 3633 verbis

199 3711 201 3716 .
244 3657 433 3727 confirmavit,
450 3657 651 3734 pollicitusque
670 3668 721 3728 est,
737 3659 799 3716 Sibi
819 3679 884 3718 eam
904 3680 966 3719 rem
979 3680 1070 3721 outae
1087 3663 1233 3723 firturam:

245 3763 381 3820 magnam
395 3765 426 3804 se
440 3747 547 3806 habere
561 3767 650 3825 spem,
672 3759 702 3806 et
715 3749 856 3808 beneficio
872 3771 925 3810 suo
945 3763 974 3810 et
995 3753 1165 3812 auctoritate
1186 3753 1233 3812 ed·

245 3829 365 3925 (luctum
380 3837 557 3896 Ariovistum
578 3839 666 3898 finem
684 3840 799 3917 injuriis
820 3839 976 3902 sucturum.
1019 3839 1085 3903 Hau
1105 3843 1234 3907 oratione
