2814 4334
155 275 215 334 17⁰
525 279 849 333 numennumen.
1093 285 1197 338 [cmm

204 422 349 502 Legiones
367 424 402 481 in
426 423 547 481 hiberna
561 421 662 482 mittit:
694 421 874 498 uaptivorum
902 419 1020 478 eiroiter
1046 440 1087 482 xx
1113 423 1206 482 millia

204 513 318 572 Aeduis
332 513 533 587 Arvernisque
549 511 658 570 reddit:
680 509 719 580 T.
736 509 901 570 Labienum
916 528 986 568 eum
1001 529 1024 569 11
1039 511 1205 590 legionibus

204 613 233 665 et
246 603 375 677 equitatu
387 602 416 658 in
428 601 579 676 Sequanos
590 601 736 676 proficisci
747 599 830 675 jubet
842 619 849 656 :
865 599 936 658 buin
948 599 990 656 M.
1000 600 1204 678 Sempronium

205 691 337 748 Rutilum
358 691 506 748 attribuit:
521 690 556 748 Ο.
569 690 695 748 Fabium
710 699 740 760 et
749 688 786 747 L.
800 689 966 748 Minucium
980 689 1122 760 Basilum,
1135 711 1203 750 oum

173 787 192 842 t
205 798 227 840 11
241 779 403 856 legionibus
417 781 447 838 in
462 779 564 838 Remis
577 779 710 850 collocat,
725 799 763 836 ne
778 798 868 855 quam
889 799 907 836 a
928 779 1058 838 finitimis
1071 780 1204 839 Bellova-

205 872 248 930 eis
262 869 459 928 calamitatem
473 871 628 946 accipiant.
671 869 706 928 O.
719 869 881 929 Antistium
897 868 1045 948 Reginum
1060 872 1089 927 in
1102 871 1204 928 Ambi-

205 969 328 1029 varetos,
344 958 382 1018 T.
399 959 531 1017 Sextium
555 959 585 1018 in
610 959 768 1036 Bituriges,
783 958 817 1016 C.
834 958 991 1018 Caninium
1015 958 1152 1018 Rebilum
1174 963 1204 1018 in

205 1047 336 1107 Rutenos
349 1068 418 1112 num
434 1048 558 1126 singulis
572 1037 736 1126 legionibus
750 1049 844 1106 mittit.
888 1047 927 1114 Q.
941 1047 1075 1106 Tullium
1089 1049 1203 1108 Cicero-

204 1156 273 1196 nem
294 1149 323 1196 et
345 1138 378 1196 P.
394 1139 558 1215 Sulpicium
582 1137 726 1197 Cabilloni
747 1148 777 1196 et
801 1137 962 1204 Matiscone
982 1138 1012 1196 in
1034 1139 1147 1198 Aeduis
1168 1141 1204 1198 ed

155 1233 193 1292 10
207 1227 337 1299 Ararim,
363 1229 405 1285 rei
434 1227 640 1286 frumentariae
668 1246 768 1298 eausa,
798 1229 932 1286 oollooat.
975 1227 1040 1306 lpse
1068 1223 1204 1290 Bibracte

205 1317 335 1377 hiemare
344 1318 500 1376 constituit.
537 1315 594 1376 His
604 1317 693 1376 rebus
703 1317 795 1376 literis
805 1318 941 1378 Caesaris
951 1319 1074 1397 cognitis
1083 1319 1204 1392 Romae,

147 1484 150 1489 Ι
207 1405 320 1466 dierum
335 1425 376 1466 xx
390 1407 564 1484 supplioatio
577 1407 725 1467 iudicitur.
