2844 4340
166 293 291 348 crassi
495 353 499 372 ¹
551 241 649 342 uruit
667 290 819 346 curreres.
1166 287 1211 346 cr

164 451 198 492 se
209 431 372 501 multitudo,
381 451 470 508 quam
481 431 541 508 ipse
553 431 582 488 io
594 431 820 490 multitudinem.
854 429 972 492 Civitati
986 451 1070 510 porro
1083 433 1160 494 buno

165 521 255 580 fuisse
277 521 346 580 belli
366 539 497 590 ceumm,
512 521 588 596 quod
610 523 779 596 repentinae
795 520 948 580 Gallorum
969 524 1159 600 conjurationi

165 612 301 670 resistere
316 629 374 668 non
389 611 528 686 potuerit:
549 610 578 666 id
593 629 624 667 sc
640 609 726 667 facile
739 629 776 668 cx
791 610 953 669 humilitate
968 629 1022 670 sua
1036 613 1158 689 probare

164 719 255 778 posse,
279 698 357 775 quod
384 717 442 756 non
466 699 538 756 adeo
562 699 599 756 sit
623 699 774 774 imperitus
799 717 905 770 rerum,
929 711 961 758 ut
984 703 1045 760 suis
1069 701 1159 779 copiis

164 789 308 865 Populum
333 788 500 846 Romanum
521 808 553 846 se
576 805 716 864 superare
744 807 825 864 posse
849 789 992 848 confidet:
1021 791 1072 850 scd
1093 799 1190 854 assub

165 877 281 938 Galliac
295 893 450 936 commune
464 877 639 950 consilium3
661 877 797 938 omnibus
810 879 938 938 hibernis
961 879 1096 940 Caesaris
1109 899 1156 958 op-

164 965 327 1044 pugnandis
337 967 418 1024 bunc
427 985 492 1026 esee
503 967 612 1025 dictum
623 965 709 1035 diem,
722 985 758 1024 nc
769 985 827 1044 qua
842 967 917 1044 legio
927 969 1037 1028 alterae
1050 969 1158 1050 legioni

164 1057 292 1114 subsidio
316 1057 417 1116 venire
445 1065 561 1132 posset:
594 1074 651 1113 non
681 1054 769 1114 facile
797 1055 899 1114 Gallos
927 1057 1021 1116 Gallis
1048 1077 1158 1136 negare

164 1148 298 1224 potuisse,
310 1146 481 1222 praesertim
495 1161 586 1220 quum
596 1145 632 1202 de
643 1145 845 1221 recuperanda
862 1148 1011 1204 communi
1025 1147 1157 1206 libertate

164 1236 318 1294 consilium
339 1235 443 1294 initum
464 1234 619 1292 videretur.
670 1234 786 1300 Quibus
809 1235 947 1309 quoniam
975 1253 1027 1309 pro
1048 1236 1154 1310 pietate
1172 1243 1210 1298 10

163 1323 345 1393 satisfacerit,
366 1323 473 1382 habere
494 1343 525 1380 se
546 1341 625 1382 nunc
652 1325 792 1380 rationem
819 1321 906 1380 officii
933 1341 984 1398 pro
1009 1323 1157 1380 boneficiis

163 1413 313 1484 Caesaris3
329 1431 547 1481 moneremus
557 1412 705 1470 Titurium
715 1429 767 1488 pro
778 1411 908 1486 hospitio,
920 1411 1157 1472 utsuaeacmili-

163 1513 224 1560 tum
233 1501 321 1560 saluti
330 1499 476 1560 consulat:
491 1517 627 1578 maguam
637 1519 758 1560 manum
766 1499 977 1558 Germanorum
986 1500 1158 1562 conductam

165 1591 301 1648 Rhenum
321 1591 477 1662 transissc3
499 1591 576 1648 hene
591 1589 678 1648 affore
693 1589 789 1648 biduo.
831 1587 963 1666 Ipsorum
977 1609 1040 1648 csse
1053 1591 1157 1648 oonsil-

99 1739 101 1744 ,
163 1681 233 1744 ium.
249 1679 376 1738 velintne
398 1680 591 1756 priusquam
606 1679 719 1738 finitimi
734 1679 870 1748 sentiant,
881 1679 1000 1738 eductos
1012 1699 1049 1738 ex
1063 1681 1156 1740 biber·
1172 1689 1209 1746 15

163 1770 208 1829 nis
230 1769 337 1830 milites
361 1769 468 1826 autad
491 1766 736 1826 Ciceronem'eut
758 1767 795 1825 ad
818 1767 982 1828 Labienum
1004 1769 1157 1842 deducere,

163 1877 286 1934 quorum
307 1857 380 1916 alter
401 1858 494 1917 millis
514 1877 653 1935 passuum
667 1859 784 1916 circiter
797 1875 825 1927 n,
842 1858 917 1918 alter
931 1860 1019 1934 paulo
1033 1859 1158 1936 amplius

164 1948 200 2004 ab
220 1948 265 2006 bie
286 1947 370 2006 absit.
412 1946 489 2006 Illud
509 1967 540 2004 se
562 1947 701 2024 polliceri,
717 1957 747 2004 et
763 1947 955 2024 jurejurando
975 1949 1156 2020 confirmare,

163 2047 258 2096 tutum
278 2038 333 2094 iter
353 2037 498 2113 perfines
518 2056 587 2096 suos
605 2036 763 2107 daturum;
793 2036 870 2112 quod
893 2055 983 2112 quum
1010 2036 1106 2111 faciat,
1128 2049 1158 2096 et

167 2127 277 2184 civitati
291 2145 354 2183 sese
372 2125 535 2195 consulere,
550 2121 626 2200 quod
649 2125 777 2184 hibernie
790 2125 912 2194 levetur,
928 2135 957 2184 et
970 2125 1091 2184 Caesari
1105 2146 1157 2204 pro
1168 2136 1210 2195 20

164 2215 228 2292 ejus
250 2207 361 2272 meritis
382 2216 507 2291 gratiam
528 2213 649 2271 referre.
693 2211 759 2270 Hac
773 2214 900 2272 oratione
915 2213 1020 2286 habita,
1035 2215 1158 2274 discedit

167 2305 329 2364 Ambiorix.
490 2353 493 2360 .

207 2392 345 2451 XXVIII.
369 2392 528 2468 Arpineius
550 2401 579 2450 et
600 2390 717 2460 Junius,
731 2407 808 2466 quac
829 2389 980 2460 audierint,
996 2389 1157 2467 adlegatos

164 2481 305 2540 deferunt.
358 2481 414 2550 Illi,
440 2482 592 2556 repentine
618 2499 649 2538 rc
674 2476 843 2556 perturbati,
869 2479 922 2534 etsi
950 2479 986 2536 ab
1014 2477 1093 2535 hoste
1121 2498 1160 2535 oa

164 2571 344 2639 dicebantur,
358 2588 416 2629 nou
430 2579 527 2628 tamen
541 2568 716 2646 negligenda
729 2567 950 2624 existimabant:
972 2566 1157 2640 maximeque
1169 2577 1209 2632 25

164 2661 218 2718 bac
241 2677 272 2715 re
296 2659 546 2734 permovebantur,
560 2657 637 2732 quod
656 2657 803 2713 civitatem
821 2653 979 2730 ignobilem
1000 2663 1086 2728 atque
1105 2654 1157 2712 hu·

164 2750 261 2808 mile'm
284 2747 456 2806 Eburonum
476 2767 530 2806 sua
548 2755 648 2822 sponte
668 2743 777 2819 Populo
792 2741 923 2800 Romano
937 2742 1045 2800 bellum
1060 2741 1157 2802 facere

165 2837 274 2908 susam,
290 2838 338 2895 vix
357 2845 420 2894 erat
438 2835 626 2896 credendum.
668 2833 769 2908 Itaque
784 2831 820 2890 ad
835 2831 988 2892 consilium
1003 2850 1065 2890 rem
1079 2832 1156 2892 dele·

166 2936 240 2996 runt,
252 2944 415 3002 megnaque
429 2923 505 2983 inter
518 2944 568 2982 ecs
580 2923 691 2982 exsistit
705 2923 909 2980 controversIa.
947 2919 983 2982 L.
998 2921 1156 2982 Auruncu·

165 3015 240 3074 leius
260 3015 483 3090 compluresque
507 3013 615 3070 tribuni
641 3012 765 3068 militum
788 3021 817 3068 ct
838 3013 1157 3086 primorumordinum
1170 3025 1210 3084 30

165 3104 354 3172 centuriones,
365 3102 448 3161 Nihil
463 3113 571 3160 temere
586 3100 740 3176 agendum,
751 3119 845 3176 neque
856 3120 892 3160 ex
904 3102 1031 3162 hibernis
1044 3104 1156 3180 injussu

166 3193 299 3252 Caesaris
326 3191 543 3260 discedendum,
571 3191 793 3270 existimabant:
827 3191 1008 3258 Quantasvis
1035 3210 1158 3270 magnos

166 3285 252 3340 etiam
271 3283 370 3357 cupitas
392 3281 606 3340 Germanorum
628 3281 764 3338 sustineri
785 3299 867 3356 posse
885 3281 1006 3340 munitis
1019 3281 1156 3348 hibernis,

166 3371 322 3431 docebant:
352 3370 428 3428 Rem
448 3389 512 3430 ease
533 3370 703 3439 testimonio,
717 3370 794 3445 quod
813 3372 939 3446 primum
960 3370 1084 3428 hostium
1104 3367 1157 3422 im·

167 3471 273 3536 petum,
284 3459 384 3518 multis
399 3459 474 3516 ultro
485 3459 654 3524 vulneribus
668 3458 764 3528 illatis,
781 3457 933 3517 fortissime
947 3453 1156 3514 sustinuerint:
1171 3463 1210 3518 aa

168 3565 198 3605 re
216 3546 406 3606 frumentaria
426 3566 483 3609 non
503 3549 613 3624 premi:
635 3549 746 3606 interea
758 3556 787 3604 et
801 3565 838 3606 ex
862 3544 1001 3620 proximis
1016 3538 1156 3607 hibernis,

167 3647 195 3694 et
215 3656 233 3694 a
256 3635 393 3707 Caesare,
419 3646 598 3694 conventura
625 3635 770 3694 subsidia:
804 3642 955 3707 postremo,
983 3625 1064 3692 Quid
1093 3641 1158 3682 esse

168 3724 259 3782 levius
281 3735 332 3784 aut
355 3727 478 3801 turpius,
497 3743 596 3801 quam,
618 3734 735 3782 auctore
758 3717 847 3785 hoste,
868 3716 904 3771 de
927 3713 1048 3772 summis
1072 3711 1159 3785 rebus

170 3830 273 3891 cepere
287 3813 465 3880 consiliunt
593 3866 596 3874 .

653 3901 671 3953 9
