2830 4326
177 332 328 385 canam]
568 329 664 378 aman
681 329 821 378 Taunus
1179 325 1222 386 Ul

218 469 316 528 XXV.
338 467 382 527 Ibi
403 487 495 545 quum
517 468 566 526 alii
589 467 680 526 fossas
702 467 888 544 complerent,
911 467 962 524 elii
984 467 1082 526 multis
1103 467 1169 528 talis

176 559 316 636 majestis
329 557 495 616 defensores
509 559 585 614 vallo
599 558 862 631 munitionibusque
882 556 1070 633 depellerent,
1085 561 1167 616 auxi·

176 647 332 725 liaresque,
343 649 449 724 quibus
463 647 498 704 ad
513 665 641 724 pugnem
652 665 707 704 non
722 647 845 704 multum
860 647 983 706 Crassus
997 647 1167 719 confidebat,

176 739 320 816 lapidibus
334 738 456 812 telisque
477 735 736 805 subministrandis,
751 746 779 793 et
798 736 834 792 ad
856 753 992 814 aggerem
1013 738 1168 812 cespitibus

176 827 396 906 comportandis,
417 828 542 903 speclem
564 836 650 902 atque
670 827 831 902 opinionem
845 828 1037 904 pugnantium
1050 828 1199 902 praebe-h

176 929 249 989 rent,
264 937 356 994 quum
370 919 439 974 item
453 917 489 973 ab
509 916 636 974 hostibus
650 925 812 974 onustantur
825 933 860 972 ec
873 934 930 974 non
944 916 1042 974 timide
1055 935 1166 993 pugua-

176 1019 265 1079 retur,
274 1009 391 1083 telaque
400 1025 436 1064 ex
451 1006 514 1064 loco
528 1006 676 1081 superiore
685 1005 773 1062 missa
787 1023 843 1064 non
858 1004 966 1064 frustra
980 995 1165 1081 accidereut3

176 1101 296 1176 equites,
319 1098 481 1156 circumitis
505 1098 629 1158 hostium
650 1096 761 1164 eastris,
786 1095 891 1154 Crasso
912 1099 1166 1168 renunciaverunt,

176 1189 244 1246 Non
259 1187 361 1246 eadem
376 1207 440 1246 esse
453 1186 602 1264 diIIgentia
616 1187 652 1244 ab
666 1186 827 1244 &cumana
842 1195 923 1262 porta
936 1196 1032 1244 castra
1046 1187 1165 1256 munita,

177 1277 351 1353 facilemque
366 1277 475 1334 aditum
488 1276 605 1334 habere.
1182 1281 1219 1336 ιο

216 1368 327 1426 XXVI.
350 1367 482 1437 Crassus,
497 1368 628 1443 equitum
641 1363 801 1443 praelectus
820 1363 993 1433 cohortatus,
1009 1374 1042 1422 ut
1055 1366 1168 1442 magnis

176 1460 312 1535 praemiis
326 1457 634 1534 pollicitationibusque
655 1473 723 1514 suos
743 1456 912 1523 excitarent,
927 1454 997 1530 quid
1010 1455 1074 1512 fieri
1088 1455 1166 1526 velit,

175 1547 305 1606 ostendit.
348 1547 404 1617 Illi,
415 1557 446 1605 ut
460 1555 522 1606 erat
536 1548 717 1624 imperatum,
732 1545 844 1604 eductis
857 1555 981 1621 quatuor
994 1545 1166 1615 cohortibus,

175 1657 260 1714 quae,
281 1637 423 1714 praesidio
436 1637 539 1695 caude
559 1636 686 1706 reIIctae,
709 1635 824 1694 intritae
844 1635 882 1693 ab
903 1634 1001 1694 labore
1015 1646 1107 1705 erant,
1128 1641 1184 1705 et,

175 1728 303 1805 longiore
317 1727 420 1785 itinere
434 1726 652 1796 circumductis,
666 1745 704 1784 ne
718 1743 755 1783 ex
769 1726 893 1810 hostium
915 1727 1019 1784 castris
1039 1727 1167 1803 conspici
1182 1729 1218 1784 15

175 1827 297 1894 possent,
325 1818 455 1874 oraclum
482 1815 576 1874 oculis
597 1816 800 1891 mentibusque
828 1815 864 1874 ad
889 1833 1017 1894 pugnam
1041 1817 1165 1886 intends

175 1907 309 1966 celeriter
321 1906 357 1964 ad
368 1925 426 1975 aas,
436 1925 509 1982 quas
517 1905 652 1977 diximus,
662 1907 835 1963 munitiones
843 1915 1037 1982 pervenerunt
1044 1925 1053 1977 ;
1070 1916 1166 1982 atque,

175 1997 220 2054 his
234 1998 368 2074 prorutis,
382 1997 464 2073 prius
478 1997 507 2054 in
522 1995 645 2054 hostium
660 1996 762 2054 oannis
775 1996 973 2066 constiterunt,
983 2013 1071 2072 quam
1082 1996 1167 2072 plano

175 2087 212 2144 ab
226 2088 261 2144 iis
275 2086 375 2157 videri,
391 2095 451 2156 aut,
465 2085 534 2162 quid
549 2083 591 2143 rei
611 2095 770 2162 gereretur,
786 2085 921 2164 cognosci
941 2095 1044 2162 pomet.
1087 2083 1166 2142 Tum

176 2187 253 2245 vero,
273 2175 400 2234 clamore
415 2177 452 2233 ab
465 2193 500 2232 en
514 2185 594 2252 parte
609 2173 715 2244 audito,
729 2175 818 2233 nostri
832 2174 1033 2252 redintegratis
1046 2173 1165 2245 viribus,
1178 2177 1219 2232 20

175 2265 250 2342 quod
271 2266 442 2342 plerumque
464 2265 495 2322 in
517 2283 567 2342 spe
581 2265 723 2322 victoriae
741 2263 873 2322 accidere
896 2265 1054 2333 consuevit,
1070 2264 1168 2322 acrius

175 2355 347 2432 impugnare
361 2363 528 2431 coeperunt.
571 2353 675 2412 Hostes
686 2353 813 2428 undique
822 2351 1023 2421 manumventi,
1032 2352 1166 2428 despera-

175 2446 213 2502 tis
226 2445 359 2501 omnibus
373 2445 512 2514 reboans
527 2461 579 2520 per
587 2443 759 2502 munitiones
772 2442 906 2518 dejicere,
916 2450 944 2496 et
959 2439 1030 2514 suga
1043 2440 1167 2498 salutem

174 2545 272 2611 petere
297 2531 515 2592 contenderunt.
567 2533 651 2598 Quos
674 2533 819 2606 equitatus
843 2529 1030 2605 apertissimis
1055 2528 1167 2604 campis

174 2633 366 2693 consectatus,
382 2640 418 2681 ex
432 2622 557 2680 millium
571 2621 781 2698 quinquaginta
794 2635 924 2684 numero,
935 2635 1010 2692 quae
1022 2635 1059 2674 ex
1074 2617 1165 2692 Aqui·
1177 2615 1218 2670 ab

174 2713 254 2772 tanie
277 2713 488 2788 Cantabrisque
512 2711 681 2769 conveumse
705 2708 861 2776 constabat,
884 2706 933 2762 vix
958 2714 1062 2782 quarta
1085 2714 1166 2784 parte

174 2803 285 2871 relicta,
301 2802 393 2859 multa
406 2811 489 2859 nocte
504 2819 535 2858 se
549 2801 579 2857 in
593 2808 690 2858 castra
705 2797 822 2872 recepit.
904 2833 912 2842 ·

215 2891 340 2950 XXVII.
363 2890 429 2950 Hac
444 2890 543 2949 audita
564 2907 672 2966 pugna,
687 2888 814 2944 maxima
828 2905 895 2963 pars
910 2885 1087 2963 Aquitaniae
1101 2905 1166 2944 sese

173 2981 279 3040 Crasso
292 2979 407 3050 dedidit,
417 2979 586 3055 obsidesque
601 2978 677 3036 ultro
684 2978 778 3035 misit:
799 2997 856 3054 quo
870 2977 900 3034 in
914 2994 1035 3034 numero
1049 2976 1167 3037 fueruat

174 3068 315 3140 Tarbelli,
331 3069 524 3146 Bigerriones,
536 3067 678 3137 Precieni,
688 3066 823 3137 Vocatus,
834 3066 1003 3136 Tarusates,
1018 3065 1165 3137 Elusates,
1179 3067 1218 3122 ³⁰
1278 3134 1282 3138 ¹

175 3159 300 3230 Garites,
316 3159 419 3228 AuscI,
433 3157 585 3226 Garumni,
595 3156 928 3226 Sibuzates,Cocosetes.
971 3155 1087 3216 Paucae
1102 3155 1179 3228 ulta,

174 3269 239 3306 mae
264 3249 401 3318 nationes,
424 3248 491 3305 anni
513 3257 639 3322 tempore
664 3245 799 3317 confisae,
821 3245 896 3322 quod
927 3243 1020 3304 hiems
1040 3247 1166 3316 suberat,

174 3338 229 3396 hoc
244 3336 340 3395 Iacere
351 3337 553 3415 neglexerunt.

215 3425 355 3485 XXVIII.
378 3425 494 3500 Eodem
511 3423 572 3483 fere
591 3434 719 3502 tempore
739 3425 858 3493 Caesar,
880 3425 932 3482 etsi
954 3441 1041 3500 prope
1064 3431 1168 3480 exacta

170 3518 233 3593 jam
257 3526 352 3575 aestas
376 3525 447 3586 erat,
470 3526 575 3586 temen,
599 3515 685 3592 quod,
707 3516 785 3572 omni
806 3514 907 3572 Gallia
928 3522 1040 3588 pacata,
1062 3509 1167 3568 Morini
1180 3513 1219 3566 35

175 3606 360 3682 Menapiique
382 3615 562 3682 supererant,
577 3605 627 3682 qui
650 3606 680 3661 in
703 3606 791 3662 aruris
813 3610 916 3670 essent,
931 3616 1026 3673 neque
1049 3598 1085 3655 ad
1099 3616 1167 3666 eum

175 3713 304 3771 unquam
319 3696 430 3772 legatos
450 3693 485 3751 de
506 3713 577 3770 paee
601 3695 754 3762 misissent,
770 3689 926 3750 arbitratus
946 3685 974 3743 id
989 3685 1099 3744 bellum
1120 3705 1166 3746 ce·

173 3785 274 3842 leniter
295 3783 400 3842 confici
422 3801 513 3860 posse,
533 3803 568 3842 eo
590 3784 750 3841 exercitum
773 3779 910 3837 adduxit:
932 3775 982 3850 qui
1004 3773 1088 3854 longe
1110 3775 1169 3836 alia

173 3874 295 3934 atione.
317 3891 354 3932 ac
375 3872 480 3950 reliqui
501 3871 590 3943 Galli,
609 3871 719 3928 bellum
740 3885 829 3946 agere
851 3865 1046 3923 instituerunt.
1088 3865 1168 3925 Nam
