2826 4336
183 343 245 390 cn.
255 340 316 396 usn
573 341 669 390 arcun
687 343 853 392 suminus.
1183 329 1243 403 1193

182 475 347 549 decanea,
369 497 458 553 quam
483 477 587 555 legatis
608 482 846 556 pronunciarunt,
869 501 906 540 an
929 481 1051 559 pertidia
1074 487 1189 546 adducti

186 569 321 638 fecerint,
337 569 412 644 quod
427 569 499 624 nihil
521 570 603 626 nobis
625 581 745 640 constat,
760 590 817 629 non
832 573 946 630 videtur
960 591 1011 649 pro
1032 586 1111 632 certo
1126 587 1189 634 esse

185 659 363 735 ponendum.
385 703 388 710 .
408 657 562 735 Bituriges,
572 677 673 716 eorum
688 660 827 730 discessu,
842 663 938 719 statim
953 682 985 720 se
999 681 1068 722 cum
1079 665 1187 723 Arver-

186 748 234 804 nis
245 748 441 824 conjungunt.

229 835 283 893 Vl.
306 835 362 893 His
386 835 474 892 rebus
498 837 529 892 in
554 835 667 894 ltaliam
690 839 810 896 Caesari
834 843 988 910 nunciatis,
1011 861 1103 918 quum
1125 845 1219 919 §amb

188 927 239 982 ille
254 925 380 982 urbanos
395 943 442 982 res
457 927 561 984 virtute
575 927 630 984 Cn.
647 928 775 1002 Pompeii
797 932 1019 995 commodiorem
1034 933 1064 988 in
1080 943 1186 991 statum

188 1015 355 1092 pervenisse
377 1015 564 1092 intelligeret,
588 1017 618 1073 in
640 1016 864 1093 Transalpinam
887 1021 1017 1078 Galliam
1039 1022 1187 1098 proiectus

189 1114 241 1162 est.
285 1103 330 1161 Eo
344 1123 436 1180 quum
450 1105 584 1174 venisset,
601 1123 707 1182 magna
728 1107 899 1165 difficultate
921 1109 1112 1180 alliciebatur,
1128 1130 1187 1186 qua

188 1193 298 1250 ratione
323 1193 535 1250 edexercitum
557 1195 708 1269 pervenire
730 1207 845 1270 posset:
867 1215 934 1252 nam
957 1199 982 1254 si
1005 1199 1134 1274 legiones
1156 1201 1187 1255 in

186 1281 371 1340 Provinciam
388 1293 557 1352 arcesseret,
573 1303 604 1340 sc
626 1283 743 1342 absente
765 1286 794 1340 in
807 1285 919 1354 ,itinere
939 1286 1047 1361 proelio
1068 1286 1185 1343 dimico·
1202 1289 1239 1342 lc

187 1381 269 1428 tures
292 1370 490 1447 intelligebat3
514 1373 539 1429 si
561 1374 622 1449 ipse
644 1373 679 1430 ad
701 1375 862 1430 exercitum
884 1374 1078 1443 contenderet,
1093 1391 1130 1430 ne
1148 1375 1187 1432 iis

186 1459 314 1536 quidem,
325 1461 375 1536 qui
390 1481 424 1520 ec
435 1470 562 1538 tempore
577 1463 672 1538 pacati
683 1463 860 1532 viderentur,
871 1481 954 1520 susm
969 1463 1093 1520 salutem
1109 1473 1186 1522 recte

186 1551 327 1608 committi
343 1549 468 1608 videbat.
723 1547 726 1555 ’
1121 1553 1123 1556 ’

226 1638 295 1699 VII.
318 1639 438 1698 Interim
453 1641 611 1699 Lucterius
625 1641 786 1712 Cadurcus
801 1643 831 1698 in
847 1641 977 1700 Rutenos
991 1643 1105 1712 missus,
1120 1659 1186 1700 enm

186 1731 333 1788 civitatem
357 1727 502 1788 Arvernis
524 1731 670 1789 conciliet.
712 1731 886 1808 Progressus
906 1733 935 1789 in
958 1731 1137 1809 Nitiobriges
1157 1737 1237 1790 crib

146 1821 151 1828 '
186 1818 323 1889 Gabalos,
339 1820 375 1876 ab
390 1821 520 1896 utrisque
534 1821 647 1878 obsides
661 1821 776 1897 accipit,
792 1830 820 1877 et
835 1839 941 1900 magna
962 1831 1066 1880 coacta
1085 1838 1184 1892 manu,

186 1911 217 1966 in
231 1909 415 1966 Provinciam
430 1909 599 1966 Narbonem
610 1911 713 1966 versus
726 1911 905 1986 eruptionem
918 1910 1018 1970 iacere
1028 1909 1183 1969 contendit.

186 1997 255 2062 Qua
281 2015 312 2055 re
334 2000 482 2070 nunciata,
504 1997 614 2056 Caesar
638 1999 771 2055 omnibus
792 2001 920 2058 consiliis
945 1999 1185 2060 antevertendum

186 2087 371 2156 existimavit,
388 2097 419 2144 ut
433 2087 601 2144 Narbonem
617 2087 858 2162 proficisceretur.
887 2089 1034 2165 quuum
1049 2091 1183 2158 venisset,

185 2177 320 2234 timentes
334 2177 494 2246 confirmat,
505 2176 647 2252 praesidia
658 2177 688 2232 in
698 2175 821 2234 Rutenis
836 2180 1071 2253 provincialibus,
1083 2177 1185 2236 Volcis
1196 2175 1237 2236 2'0

187 2263 380 2335 Arecomicis,
405 2265 599 2334 Tolosatibus,
623 2267 794 2340 circumque
818 2266 995 2336 Narbonem,
1020 2285 1095 2342 quae
1118 2267 1184 2324 loca

191 2353 321 2411 hostibus
335 2357 417 2412 erant
438 2355 569 2423 finitima,
585 2355 748 2411 constituit:
771 2366 882 2430 purtem
900 2356 1048 2431 copiarum
1068 2353 1185 2412 ex'Prc-

185 2444 294 2512 vincia,
309 2443 609 2520 supplementumque,
625 2443 701 2520 quod
723 2461 759 2500 ex
780 2442 863 2500 ltalia
885 2443 1055 2511 adduxerat,
1070 2444 1100 2498 in
1115 2441 1183 2499 Hal.

186 2533 258 2601 rios,
273 2533 324 2608 qui
339 2533 411 2588 fines
426 2531 628 2590 Arvernorum
643 2533 828 2608 contingunt,
840 2531 996 2588 convenire
1008 2531 1101 2605 jubet.

226 2621 308 2680 Vl'll.
346 2621 401 2680 His
428 2621 515 2678 rebus
539 2623 723 2698 comparatis,
750 2636 881 2695 represso
902 2620 964 2694 jam
990 2617 1129 2676 Lucterio
1157 2623 1237 2684 et2d

187 2721 304 2781 remoto,
320 2709 395 2788 quod
411 2713 519 2768 intrare
534 2713 611 2768 intra
632 2709 778 2787 praesidia
798 2708 992 2786 periculosum
1012 2708 1140 2785 putabat,
1155 2709 1185 2767 in

186 2799 311 2859 Helvios
332 2801 542 2876 proficiscitur:
564 2802 617 2858 etsi
641 2819 723 2858 mons
744 2799 891 2868 Cevenna,
912 2799 963 2874 qui
979 2799 1128 2856 Arvemcs
1149 2799 1185 2856 ab

186 2889 302 2948 Helviis
316 2889 461 2958 discludit,
477 2889 631 2947 durissimo
648 2901 777 2967 tempore
800 2891 877 2958 anni,
894 2889 1034 2946 altissima
1048 2889 1116 2946 nive
1130 2889 1185 2948 iter

187 2981 379 3058 impediebet;
403 2991 500 3037 tamen
525 2977 657 3038 discussa
677 2982 745 3038 nive
760 2997 793 3038 v1
815 2981 844 3037 in
867 2981 1046 3038 altitudinem
1067 2979 1185 3056 pedum,¹

188 3078 274 3146 atque
289 3071 329 3127 ita
344 3071 399 3127 riis
414 3067 574 3146 patefactis,
590 3089 709 3127 summo
724 3069 848 3126 militnm
863 3069 960 3128 labore
983 3069 1017 3127 ed
1033 3069 1106 3127 fines
1127 3071 1183 3126 Ar·
1194 3075 1237 3130 ’30

187 3177 342 3216 vomerum
356 3159 495 3236 pervenit.
538 3159 655 3223 Quibus
668 3160 811 3234 oppressis
825 3160 1047 3234 inopinantibus,
1063 3159 1138 3236 quod
1152 3177 1184 3217 ae

186 3249 333 3320 Cevenna,
345 3260 377 3307 ut
391 3266 484 3317 muro,
496 3249 621 3304 munitos
636 3249 847 3318 existimabant,
863 3267 898 3307 nc
909 3268 949 3307 -ne
964 3249 1106 3326 singulari
1121 3251 1183 3325 qui-

187 3337 252 3394 dem
279 3355 407 3414 unquam
432 3336 540 3392 homini
561 3355 596 3393 eo
619 3345 747 3413 tempore
773 3339 842 3394 anni
866 3339 985 3396 semitae
1010 3347 1182 3414 patuerant5

187 3427 332 3502 equitibus
354 3427 486 3502 imperat,
510 3434 550 3494 nt,
574 3443 663 3500 quem
688 3426 829 3484 latissime
851 3437 972 3504 possent,
987 3433 1140 3501 vagentur,
1156 3434 1185 3479 et

187 3533 276 3591 quam
289 3515 450 3572 maximum
463 3514 592 3570 hostibus
613 3523 753 3572 terrorem
774 3514 909 3573 inierant.
950 3515 1092 3572 Celeriter
1111 3512 1184 3567 haec
1198 3515 1236 3569 nb

187 3603 267 3662 fama
295 3622 330 3661 ee
358 3603 473 3660 nunciis
499 3603 535 3659 ad
558 3601 830 3680 Vercingetorigem
858 3601 1061 3678 perferuntur:
1096 3614 1184 3672 quem

188 3693 333 3770 perterriti
354 3709 454 3749 omnes
469 3692 598 3748 Arverni
621 3693 840 3750 circumsistunt
862 3701 947 3763 atque
961 3687 1122 3755 obsecrant,
1143 3685 1185 3744 Ut

188 3783 250 3840 suis
271 3777 393 3839 t'crtunis
416 3779 557 3850 consulat,
580 3797 639 3837 neu
663 3799 693 3837 se
717 3781 753 3838 ab
776 3777 904 3834 hostibus
928 3773 1013 3850 diripi
1038 3774 1182 3849 patiatur3

188 3869 358 3946 praesertim
368 3883 460 3944 quum
469 3867 564 3926 videat
577 3885 663 3926 omne
677 3867 755 3924 adse
766 3864 878 3921 bellurn
892 3862 1074 3921 mandatum.
1104 3863 1183 3931 Quo

673 3961 709 4014 12
