2804 4312
158 312 215 360 Car.
226 317 249 366 9.
260 311 307 366 tol
538 311 635 363 uerte
651 311 826 362 SECUNDUS.
1163 311 1207 370 45

159 449 303 508 lateribus
315 459 478 527 pugnantes
498 469 567 508 suos
586 453 800 510 circumvenire
818 463 942 529 possent.
985 451 1050 512 Hoc
1069 452 1154 526 facto,

160 540 275 601 duabus
300 541 469 618 legionibus,
495 559 568 616 quas
592 544 721 618 proxime
745 545 964 619 conscripserat,
993 545 1023 602 in
1051 548 1155 604 casula

159 631 280 699 relictis,
296 639 337 699 ut,
352 631 377 688 si
390 649 449 706 qua
469 649 542 706 opus
562 643 646 701 esset,
660 631 787 690 subsidio
801 632 869 691 duci
884 643 1005 710 possent,
1028 633 1155 713 reliquas

159 739 211 778 aex
226 721 357 797 legiones
371 738 421 796 pro
435 721 538 778 eastris
559 722 588 778 ia
610 722 674 778 acie
687 723 842 781 eonstitult.
884 723 990 784 Hostes
1003 725 1072 784 item
1086 744 1167 784 sartae¹

160 811 259 886 copias
273 827 310 868 ex
324 811 427 868 castris
441 810 561 868 eductas
574 813 779 876 instruxerant.
1167 821 1187 876 5

201 899 254 958 IX.
277 900 367 959 Palus
390 909 453 958 eret
473 917 530 958 non
551 919 657 978 magna
678 901 753 959 inter
775 913 904 963 semrom
925 913 1010 980 atque
1031 905 1156 964 bostium

162 991 334 1048 exercitum.
376 989 463 1048 Hane
483 991 508 1048 si
530 992 619 1048 nostri
638 993 802 1062 transirent,
818 993 912 1050 hostes
932 995 1154 1071 exspectabant:
1256 1029 1258 1034 ·

163 1081 251 1138 nostri
266 1090 375 1150 autem,
389 1081 415 1137 sl
430 1081 466 1137 ab
480 1081 538 1140 illie
552 1081 666 1138 initium
676 1082 844 1139 transeundi
859 1083 950 1152 fieret,
961 1094 992 1141 ut
1005 1085 1156 1160 impeditos

164 1170 401 1247 aggrederentur,
413 1171 505 1246 parati
513 1171 543 1228 in
555 1171 644 1228 armis
658 1180 751 1228 erent.
781 1167 898 1227 Interim
914 1172 1020 1248 proelio
1030 1173 1158 1247 equestri

163 1261 321 1318 interduas
335 1261 412 1318 acies
426 1260 663 1320 contendebatur.
689 1259 747 1318 Ubi
755 1261 852 1316 neutri
866 1261 1034 1318 transeundi
1044 1259 1158 1320 initium
1172 1265 1210 1320 10

164 1348 287 1419 facium,
302 1350 471 1408 secundiore
493 1351 623 1425 equitum
645 1358 807 1406 nostrorum
830 1349 946 1425 proelio,
961 1349 1072 1428 Caesar
1092 1367 1160 1408 auos

164 1440 195 1496 in
220 1448 317 1496 eastra
339 1440 463 1499 reduxit.
505 1438 610 1497 Hostes
635 1439 764 1514 protinus
786 1457 825 1496 ex
849 1457 883 1497 eo
907 1440 970 1497 loeo
993 1439 1030 1496 ad
1051 1440 1161 1498 flumen

165 1529 304 1588 Axonam
325 1530 541 1598 contenderunt,
563 1528 640 1604 quod
653 1547 717 1586 esse
739 1541 801 1604 post
821 1537 1030 1588 nostraoastra
1044 1529 1159 1587 demon·

164 1629 287 1678 stratum
311 1629 363 1676 est.
406 1617 449 1677 Ibi
472 1619 554 1676 vadis
577 1619 706 1694 repertis,
730 1629 840 1694 partem
865 1637 985 1676 suarum
1009 1621 1159 1696 copiarum

166 1708 355 1768 transducere
369 1709 464 1768 conati
478 1721 564 1781 sunt3
587 1727 621 1767 eo
636 1709 763 1779 oonsilio,
774 1708 847 1778 atsi
862 1710 1157 1786 possent,·eastellum,
1173 1713 1210 1770 ts

167 1801 217 1858 oui
240 1809 372 1876 praeerat
397 1799 436 1864 Q.
453 1798 587 1857 Titurius
609 1799 731 1874 legatus,
755 1810 963 1876 expugnarent,
987 1811 1159 1877 pontemque

166 1889 424 1960 interscinderen13
448 1889 580 1946 siminus
594 1889 758 1965 potuissent,
773 1907 859 1966 agros
870 1889 1027 1947 Remorum
1042 1891 1158 1968 popula·

167 1989 276 2047 rentur,
298 1979 350 2054 qui
372 1997 479 2055 magno
500 1979 582 2036 nobis
605 1979 671 2036 usui
693 1977 729 2036 ad
754 1979 862 2037 bellum
885 1979 1045 2056 gerendum
1067 1991 1159 2052 erant,

166 2079 388 2144 commeatuque
401 2077 511 2126 nostros
522 2065 715 2144 prohiberent.

208 2158 245 2216 X.
268 2158 387 2226 Caesar,
402 2159 508 2216 certior
522 2157 617 2216 faetus
630 2159 667 2214 ab
682 2157 807 2228 litorio,
823 2177 937 2218 omnem
957 2161 1160 2235 equitatumet
1172 2161 1212 2218 Μ

168 2249 240 2306 levis
262 2258 427 2304 armaturae
449 2245 602 2316 Numidas,
618 2246 784 2319 funditores,
803 2250 1033 2326 mgittariesque·
1046 2259 1160 2326 pontem

167 2338 293 2396 traduoit
307 2347 393 2414 atque
408 2337 442 2394 ad
458 2357 507 2396 eos
520 2337 675 2396 contendit.
705 2338 824 2396 Acriter
834 2339 864 2396 iu
874 2359 911 2397 eo
923 2339 987 2396 loeo
1001 2349 1161 2416 pugnatum

167 2437 221 2487 est.
263 2427 369 2486 Hostes
389 2427 539 2504 impeditos
558 2428 650 2486 nostri
671 2428 701 2484 ia
722 2429 841 2486 flumine
862 2429 1001 2504 aggressi,
1022 2445 1162 2504 magnum

167 2536 271 2578 eorum
295 2535 448 2578 numerum
469 2517 648 2576 oeciderunt.
692 2516 748 2575 Per
767 2534 869 2575 eorum
892 2533 1012 2592 empore
1035 2516 1162 2590 reliquos

169 2607 363 2670 audacissime
384 2608 508 2667 transire
530 2618 675 2677 conantes,
697 2605 881 2664 multitudine
905 2603 1030 2661 telorum
1050 2603 1161 2679 repule-
1175 2611 1214 2667 2⁸

164 2709 256 2770 ·runt;
279 2698 396 2774 primos,
410 2699 462 2774 qui
482 2699 665 2768 transierant,
687 2697 818 2772 equitatu
840 2695 1061 2762 circumventos,
1077 2693 1162 2750 inter·

168 2789 313 2848 feceruut.
342 2785 457 2858 Hostes,
469 2789 562 2858 abiet
575 2786 610 2845 de
620 2785 814 2863 expugnando
827 2783 937 2862 oppido,
953 2793 982 2841 et
992 2783 1030 2842 de
1044 2783 1163 2842 flumine

168 2877 353 2946 transeundo,
368 2869 448 2954 spem
468 2897 499 2934 ae
515 2875 652 2936 fefellisse
666 2875 879 2944 intellexerunt,
902 2891 997 2951 neque
1010 2885 1119 2934 metros
1133 2876 1163 2932 ia
1253 2903 1257 2908 ·

168 2969 266 3027 loeom
288 2969 461 3044 iniquiorem
484 2966 615 3044 progredi
637 2965 787 3043 pugnandi
807 2983 899 3024 eausa
913 2965 1055 3037 viderunt,
1077 2975 1163 3044 atque

169 3058 246 3135 ipsos
269 3077 318 3116 res
345 3057 535 3117 frumentaria
561 3055 686 3114 deficere
714 3055 817 3132 eoepit,
845 3057 971 3114 concilio
997 3066 1162 3126 convocato,
1176 3065 1215 3120 tlt)

168 3149 389 3218 constituerunt,
404 3148 544 3222 optimum
558 3165 621 3204 esse
636 3145 753 3204 domum
767 3163 858 3204 suam
876 3165 1023 3223 quemque
1037 3147 1161 3218 reuerti3

170 3249 345 3316 ut,quorum
354 3237 384 3294 in
398 3237 472 3294 fines
485 3237 611 3312 primum
620 3233 744 3292 Romani
755 3237 916 3294 exereitum
930 3237 1163 3306 introduxissent,

171 3328 207 3384 ad
229 3347 278 3386 eos
299 3325 495 3384 defendendos
513 3325 640 3401 undique
655 3327 863 3398 convenirent3
885 3335 915 3384 et
929 3329 1022 3404 pedus
1043 3329 1073 3384 in
1093 3327 1163 3394 suis,

164 3435 260 3493 ,quarn
278 3418 309 3474 in
328 3417 431 3474 alienis
444 3415 552 3474 finibus
565 3415 766 3488 desertareot3
787 3425 816 3473 et
830 3415 993 3474 domestioia
1012 3417 1102 3490 oopils
1123 3414 1165 3468 rei

172 3506 380 3566 frumentariae
403 3515 562 3564 uterentur.
605 3505 655 3562 Ad
668 3523 733 3562 eam
754 3507 936 3573 sententiam,
952 3521 1021 3560 enm
1045 3500 1166 3576 reliquie
1178 3507 1217 3562 ab

169 3597 278 3667 ceasia,
293 3597 367 3654 baso
380 3614 495 3672 quoque
509 3596 581 3654 ratio
596 3615 644 3652 eos
657 3594 785 3664 deduxit,
796 3595 872 3670 quod
886 3591 1065 3650 Divitiacum
1080 3599 1166 3663 atque

172 3685 294 3744 Aeduos
315 3685 424 3744 finibus
444 3685 669 3744 Bellovaeerum
698 3685 928 3760 appropinquare
957 3686 1165 3754 cognoverant.

171 3773 228 3833 His
250 3775 475 3852 pesundarent
496 3774 605 3834 diatim
618 3781 809 3838 morereatur,
824 3785 919 3843 neque
941 3766 1003 3824 suis
1025 3765 1167 3826 auxilioue

171 3863 291 3936 ferrent,
305 3880 361 3924 non
375 3874 494 3941 poterat.
