2844 4340
188 285 246 332 Gur.
256 285 340 340 1840]
579 285 674 338 LIBER
692 285 842 338 QUINTUS.
1188 285 1231 342 98

241 422 377 478 omnibus
399 420 527 495 partibus
551 421 586 478 ad
610 421 792 498 pabulatores
817 423 1031 495 advolaverunt,
1054 429 1105 497 sio,
1128 429 1171 486 uti
1195 430 1231 486 ab

242 511 332 586 signis
352 509 570 584 legionibusque
591 528 647 566 non
669 511 846 568 absisterent.
881 513 997 583 Nostri,
1013 517 1118 573 acriter
1132 519 1162 574 in
1183 537 1231 576 eos

242 599 352 674 impetu
377 597 461 666 facto,
480 599 675 674 repulerunt3
698 617 791 674 neque
814 601 901 656 finem
925 604 1064 677 sequendi
1089 604 1229 675 fecerunt,

229 687 337 762 'quoad
359 677 492 744 subsidio*
508 687 608 744 confisi
630 688 749 762 equites,
765 707 855 764 quum
877 700 938 766 post
958 709 990 748 se
1011 691 1138 768 logiones
1152 694 1230 750 vide-

211 783 316 845 orent,
332 777 502 850 praecipites
522 776 622 832 hostes
638 787 778 852 egerunt:
803 797 964 854 magnoque
988 799 1089 838 eorum
1110 799 1231 841 numero

243 863 402 933 Interfecto,
416 882 518 940 ,neque
539 865 585 920 sui
609 865 774 940 colligendi,
795 884 889 941 neque
914 869 1095 938 consistendi,
1120 879 1170 928 aut
1194 889 1231 927 ex

243 953 350 1010 essedis
372 952 521 1009 desiliendi
545 951 711 1010 facultatem
732 953 883 1010 dederunt.
925 955 972 1012 Ex
991 957 1046 1014 hac
1061 957 1132 1033 fuga
1145 959 1229 1034 proti-
1265 1009 1269 1018 .

242 1059 307 1110 nus,
322 1059 398 1116 quae
413 1041 539 1116 undique
549 1051 757 1108 convenerant,
773 1041 882 1098 auxilia
903 1043 1114 1102 discesserunt:
1136 1065 1230 1120 neque

244 1140 305 1204 post
318 1130 346 1188 id
360 1139 473 1205 tempus
488 1147 615 1206 unquam
628 1131 750 1186 summis
763 1130 914 1186 uobiscum
936 1133 1026 1206 copiis
1048 1133 1143 1189 hostes
1164 1151 1230 1190 oon-

195 1224 231 1278 10
244 1219 404 1274 tenderunt.

284 1303 393 1364 XVIII.
416 1305 534 1375 Caesar,
550 1307 664 1382 cognito
686 1305 806 1362 oonsilio
827 1324 936 1374 eorum,
952 1306 988 1363 ad
1002 1307 1110 1366 flumen
1125 1307 1230 1366 Teme-

242 1394 286 1450 ein
301 1395 331 1450 in
346 1395 418 1452 fines
431 1393 651 1462 Cassivellauni
663 1395 823 1450 exercitum
837 1394 939 1466 duxit3
960 1395 1037 1472 quod
1052 1395 1160 1452 flumen
1175 1414 1232 1453 uno

243 1483 359 1543 ormino
380 1483 444 1540 loco
466 1483 595 1557 pedibus,
611 1492 697 1557 etque
718 1483 772 1540 hoe
793 1499 890 1558 aegre,
908 1484 1025 1540 transtri
1046 1493 1145 1560 potest.
1187 1481 1232 1542 Eo

244 1587 334 1644 quum
349 1572 482 1640 vmisset
493 1571 702 1639 animadvertit,
718 1570 753 1628 ad
768 1565 890 1631 alteram
905 1571 1031 1629 fluminis
1046 1573 1139 1648 ripam
1152 1591 1232 1650 mag-

195 1663 231 1718 15
244 1677 296 1716 naa
310 1679 373 1718 esse
394 1661 491 1736 copias
511 1660 633 1716 hostium
656 1660 830 1717 instructas:
852 1661 915 1736 rIpa
937 1669 1034 1721 autem
1055 1669 1124 1718 arat
1140 1663 1232 1722 acutis

244 1747 512 1824 sudibuspraefixis
526 1749 655 1819 munita3
678 1748 864 1824 ejusdemque
877 1750 993 1824 generis
1013 1751 1068 1808 sub
1089 1769 1165 1826 aqua
1185 1750 1231 1808 de·

242 1836 319 1894 lisiae
329 1837 415 1894 sudes
429 1837 546 1894 flumine
561 1837 739 1911 tegebantur.
782 1837 837 1894 Hls
851 1839 938 1896 rebus
952 1839 1073 1915 cognitis
1084 1858 1102 1896 a
1112 1839 1233 1914 captivis

244 1924 440 2000 perfugisque,
455 1925 573 1993 Caesar,
588 1925 744 1999 praemisso
764 1927 904 2000 equitatu,
926 1926 1081 1984 confestim
1104 1925 1233 2004 legiones

244 2015 381 2088 subsequi
396 2014 492 2088 jussit.
535 2013 592 2070 Sed
617 2032 653 2070 ea
673 2013 821 2088 celeritate
844 2025 930 2090 atque
951 2035 986 2072 eo
1005 2017 1115 2092 impetu
1129 2017 1234 2073 milites

192 2105 232 2160 20
245 2102 348 2172 ierunt,
360 2120 451 2177 quum
466 2103 559 2177 capite
574 2101 633 2159 solo
642 2121 679 2158 ex
690 2121 766 2176 aqua
777 2112 931 2172 exstarent,
944 2113 976 2160 ut
987 2100 1083 2161 hostes
1096 2106 1234 2180 impetum

245 2190 391 2267 legionum
412 2199 497 2264 atque
512 2191 648 2264 equitum
669 2191 810 2248 sustinere
830 2206 887 2248 non
908 2203 1030 2266 possent,
1046 2181 1179 2268 ripasque
1193 2191 1233 2248 di-

246 2280 397 2348 mitterent,
413 2299 448 2336 ao
462 2298 493 2335 se
509 2270 595 2356 fugae
609 2276 789 2337 mandarent.
1052 2287 1053 2292 ’
1245 2273 1248 2280 ⁴

285 2367 365 2426 XIX.
387 2367 633 2436 Cassivellaunus,
650 2377 680 2425 ut
697 2385 786 2442 supra
806 2366 1074 2434 demonstravimus,
1090 2369 1167 2422 omni
1188 2367 1234 2424 de-

245 2457 335 2531 posita
356 2475 405 2531 spe
427 2457 622 2523 contentionis,
645 2455 768 2510 dimissis
789 2453 976 2526 amplioribus
994 2453 1093 2526 copiis,
1108 2453 1236 2538 mlllibus

192 2545 362 2604 enormiter
381 2556 506 2619 quatuor
526 2544 737 2600 essedariorum
759 2541 876 2608 relictis,
896 2540 1001 2596 itinera
1022 2548 1119 2595 nostra
1140 2558 1235 2598 serva·

245 2634 302 2702 bat,
317 2633 526 2709 paululumque
541 2652 578 2689 ex
593 2633 640 2687 via
655 2629 820 2698 excedebat,
836 2627 965 2702 locisque
986 2628 1129 2702 impeditis
1150 2637 1235 2704 atque

245 2723 424 2780 sllvestribus
447 2741 512 2778 sese
526 2719 700 2786 occultabat,
717 2727 802 2792 atque
817 2717 853 2774 iis
868 2717 1042 2792 regionibus,
1058 2717 1165 2790 quibus
1185 2736 1237 2776 nos

245 2813 300 2870 iter
320 2811 448 2869 facturos
468 2818 650 2886 cognoverat,
666 2824 771 2882 pecora
793 2815 878 2880 atque
899 2805 1033 2880 homines
1048 2824 1087 2864 ex
1108 2807 1186 2882 agris
1206 2808 1237 2864 ln

245 2901 335 2957 silvas
358 2899 566 2974 compellebat,
589 2906 626 2964 et,
641 2905 732 2970 quum
746 2895 891 2968 equitatus
906 2904 1001 2952 noster
1022 2895 1141 2952 liberius
1155 2911 1235 2971 prae-

194 2994 233 3048 30
246 2988 331 3046 dandi
346 2987 533 3060 vastandique
548 2987 637 3042 causa
655 3003 687 3042 se
704 2984 734 3038 in
753 2991 838 3058 agros
851 2982 1019 3053 effunderet,
1034 2985 1167 3044 omnibus
1182 2983 1237 3042 viis

246 3077 320 3134 notis
333 3076 499 3148 semitisque
513 3071 672 3130 essedarios
686 3091 722 3128 ex
736 3072 817 3128 silvis
831 3071 987 3140 emittebat,
1004 3081 1034 3129 et
1049 3091 1154 3149 magno
1168 3091 1237 3130 aum

248 3165 376 3240 periculo
397 3173 557 3220 nostrorum
580 3161 711 3234 equitum
733 3179 801 3218 cum
823 3161 858 3218 iis
878 3161 1058 3236 confligebat,
1075 3171 1162 3236 atque
1182 3161 1237 3216 hoo

248 3262 327 3310 metu
355 3251 442 3308 latius
464 3250 565 3326 vagari
593 3249 771 3324 prohibebat.
820 3245 1060 3322 ReIInquebatur,
1084 3259 1116 3304 ut
1142 3265 1238 3320 neque

249 3342 362 3416 longius
387 3340 423 3396 ab
447 3339 563 3413 agmine
590 3338 738 3414 legionum
762 3337 871 3394 discedi
895 3337 1006 3392 Caesar
1030 3345 1186 3408 pateretur,
1210 3341 1239 3388 et

201 3437 236 3490 35
249 3438 360 3486 tantum
384 3429 413 3484 ln
443 3427 520 3502 agris
544 3425 689 3482 vastandis
716 3425 913 3497 incendiIsque
942 3421 1083 3477 faciendis
1110 3415 1239 3476 hostibu'a

250 3526 411 3585 noceretur,
431 3522 572 3590 quantum
594 3513 693 3570 labore
718 3522 805 3587 atque
828 3512 931 3568 idnere
956 3506 1109 3580 legionarii
1133 3504 1240 3561 milites

252 3603 365 3662 efficere
379 3611 519 3679 poterant.
1188 3672 1193 3676 .

292 3691 358 3748 XX.
384 3690 503 3749 Interim
531 3689 733 3754 Trinobantes,-
748 3691 835 3760 prope
863 3679 1030 3738 firmissima
1058 3697 1161 3736 aarum
1177 3697 1238 3739 ·re-

219 3803 222 3806 ·
253 3779 371 3853 glanum
394 3779 643 3850 mutuamque
666 3768 886 3830 Mandubratius
908 3764 1085 3837 adolescens,
1105 3767 1240 3828 eseam
