2844 4340
179 266 330 319 cna-em
534 263 658 312 traua
670 265 832 318 Quaeres.
1177 262 1219 328 sa

179 401 295 478 proeliis
310 409 464 476 praestant,
479 410 641 458 autentum
662 419 717 460 usa
731 401 895 478 quotidiano
915 411 943 460 et
963 405 1166 463 exercitatione

179 490 318 558 efficiunt,
344 490 386 546 uti
409 490 439 546 in
467 489 572 548 declivi
596 509 631 547 ac
655 491 805 566 praecipiti
833 491 895 548 loco
922 491 1054 550 incitatos
1078 512 1167 570 equos

179 580 334 646 sustinere,
345 587 373 636 et
388 577 467 634 brevi
482 577 623 634 moderari
637 597 672 636 ac
693 579 818 648 flectere,
833 587 861 636 et
875 597 926 654 per
946 590 1089 641 temonem
1103 599 1165 658 per-

179 685 308 736 currere,
323 675 352 724 et
372 667 403 724 iu
421 666 492 742 jugo
512 667 652 734 insistere,
667 676 696 724 et
715 666 781 724 inde
802 686 835 724 se
854 668 887 724 iu
904 685 1009 726 currus
1029 669 1165 728 citissime

179 756 309 829 recipere
323 755 496 810 consuerint.
555 805 558 812 .
1177 765 1197 820 5

220 841 359 900 XXXIV.
382 842 498 907 Quibus
519 842 613 912 rebus,
633 843 805 918 perturbatis
825 846 927 904 matris
947 845 1072 904 novitate
1093 865 1164 922 pug-

179 949 242 1000 nae,
262 941 392 1006 tempore
404 931 642 1006 opportunissimo
655 931 765 988 Caesar
779 933 920 1008 auxilinm
933 935 1017 992 tulit:
1038 953 1164 1009 namque

179 1021 242 1094 ejus
257 1019 382 1078 adventu
396 1018 492 1076 hostes
504 1021 702 1092 constiterunt,
722 1019 810 1076 nostri
831 1037 862 1076 se
876 1039 913 1076 ex
933 1023 1034 1080 timore
1049 1040 1163 1098 recepe·

180 1118 255 1164 runt.
298 1107 366 1171 Quo
380 1105 464 1176 iacto,
479 1106 515 1164 ad
530 1106 729 1165 lacessendum
744 1106 822 1166 etad
837 1109 1069 1166 committendum
1084 1129 1162 1186 proe-

169 1195 250 1252 .lirnn
265 1195 392 1252 alienum
407 1215 470 1254 esse
484 1205 597 1271 tempus
611 1196 775 1265 arbitratus,
790 1215 843 1254 suo
856 1215 887 1254 sc
901 1196 963 1253 loco
975 1199 1124 1265 continuit,
1136 1207 1164 1256 et
1178 1200 1216 1258 1⁰

180 1285 259 1344 brevi
274 1295 402 1362 tempore
422 1286 592 1354 intermisso,
608 1287 637 1341 in
658 1295 754 1344 castra
775 1285 903 1360 legiones
922 1286 1045 1343 reduxit.
1085 1285 1164 1344 Dum

178 1376 251 1433 haec
264 1386 415 1452 geruntur,
431 1377 535 1433 nostris
548 1377 681 1436 crucibus
700 1375 857 1452 occupatis,
871 1378 922 1452 qui
943 1388 1025 1434 erant
1043 1378 1072 1436 in
1086 1380 1164 1454 egris

179 1466 292 1540 reliqui,
303 1466 508 1526 discesserunt.
549 1466 673 1526 Secutae
684 1475 752 1524 sunt
765 1467 913 1524 continuos
928 1465 1090 1541 complures
1104 1467 1164 1526 diss

178 1563 368 1630 tempestates,
388 1573 463 1629 quae
484 1563 512 1611 st
526 1564 634 1612 nostros
649 1557 677 1612 in
692 1557 793 1614 castris
807 1556 992 1625 continerent,
1013 1565 1042 1614 et
1055 1557 1163 1613 hostem

179 1661 196 1698 a
222 1662 320 1719 pugna
347 1644 538 1718 prohiberent.
591 1643 708 1701 Interim
730 1643 846 1700 barbari
866 1645 987 1702 nuncios
1011 1645 1042 1700 in
1065 1663 1163 1702 omnes
1178 1643 1217 1698 le

179 1744 273 1808 partes
299 1734 478 1802 dimiserunt,
506 1734 739 1809 paucitatemque
765 1744 925 1791 nostrorum
953 1735 1076 1791 militum
1103 1736 1163 1794 suis

179 1823 426 1897 praedicaverunt,
441 1833 470 1880 et
480 1833 588 1897 quanta
602 1822 727 1898 praedae
748 1821 905 1893 faciendae,
921 1834 1006 1898 atque
1020 1825 1050 1882 in
1064 1843 1162 1900 perpe-

178 1923 259 1968 tuum
273 1913 318 1971 sui
333 1912 472 1969 liberandi
487 1911 611 1970 facultas
624 1913 750 1981 daretur,
761 1913 786 1968 si
801 1911 945 1970 Romanos
959 1915 1062 1971 castris
1075 1931 1163 1990 expu-

179 2001 577 2071 iissent‚de1nonstreverunt.
620 2001 675 2058 His
696 2002 782 2058 rebus
803 2001 936 2060 celeriter
950 2022 1055 2079 magna
1069 2003 1162 2058 multi-

178 2091 275 2148 tudine
290 2091 433 2168 peditatus
447 2091 647 2168 equitatusque
663 2101 771 2160 coacta,
787 2092 822 2150 ad
837 2101 934 2148 castra
948 2102 1100 2174 venerunt.
1176 2092 1214 2151 2⁰

219 2179 343 2239 XXXV.
379 2179 497 2249 Caesar,
524 2181 585 2240 etsi
612 2179 697 2249 idem,
726 2180 800 2254 quod
835 2182 1029 2256 superioribus
1062 2181 1163 2238 diebus

179 2270 331 2338 acciderat,
348 2268 408 2326 fore
429 2269 551 2339 uidebat,
574 2280 613 2338 ut,
634 2270 659 2326 si
679 2279 774 2328 essent
794 2269 889 2325 hostes
910 2270 993 2346 pulsi,
1016 2269 1163 2326 celeritate

179 2359 341 2435 periculum
354 2357 536 2435 effugerent;
559 2368 654 2416 temen
669 2369 772 2416 nactus
785 2358 896 2432 equites
910 2359 1024 2416 circiter
1037 2359 1162 2432 triginta,
1263 2367 1265 2373 '

179 2466 250 2522 quos
263 2447 410 2505 Commius
425 2447 558 2516 Atrebas,
574 2448 678 2521 dequo
692 2443 881 2502 antedictum
895 2454 946 2512 est,
961 2463 1060 2500 secum
1074 2454 1163 2499 trans-

179 2546 349 2614 portaverat,
365 2537 492 2614 legiones
506 2536 535 2592 in
550 2536 613 2594 acie
627 2553 678 2611 pro
692 2533 795 2591 castris
809 2533 963 2590 constituit.
1006 2531 1164 2588 Commisso
1177 2534 1216 2586 25

179 2626 293 2701 proelio,
313 2625 421 2682 diutius
434 2635 595 2683 nostrorum
610 2624 734 2679 militurn
747 2623 885 2696 impetum
899 2620 992 2676 hostes
1013 2617 1088 2676 l'erre
1108 2637 1165 2676 non

179 2724 340 2790 potuerunt,
366 2734 402 2771 ac
426 2725 508 2793 terga
532 2720 690 2771 verterunt.
743 2710 826 2775 Quos
849 2718 926 2766 tanto
946 2708 1036 2784 spatio
1062 2709 1164 2776 secuti,

179 2815 318 2880 quantum
332 2823 421 2862 cursu
436 2814 464 2862 et
478 2805 588 2860 viribus
601 2800 717 2860 efficere
728 2807 889 2876 potuerunt,
904 2795 1066 2872 complures
1080 2797 1166 2854 exiis

179 2893 366 2965 occiderunt3
389 2893 501 2962 deinde,
517 2891 650 2950 omuibus
663 2890 748 2966 longe
763 2890 878 2963 lateque
899 2885 1014 2945 efflictis
1027 2887 1164 2944 incensis·

179 3000 244 3056 que,
260 3001 291 3038 se
305 2983 335 3037 in
351 2991 445 3039 castra
459 2989 642 3056 receperunt.
695 3018 701 3028 -
1178 2976 1217 3032 30

220 3069 359 3128 XXXVI.
382 3069 493 3126 Eodem
508 3069 553 3126 die
568 3066 665 3142 legati,
681 3067 718 3122 ab
732 3066 859 3146 hostibus
873 3067 952 3124 missi
967 3065 1001 3123 ad
1011 3066 1165 3124 Caesarem

180 3156 215 3214 de
240 3177 321 3234 pace,
337 3167 489 3216 venerunt.
531 3156 586 3214 His
610 3155 719 3213 Caesar
740 3173 894 3212 numerum
918 3155 1056 3225 obsidum,
1078 3173 1165 3231 quem
1224 3153 1228 3163 “

181 3256 264 3304 antea
278 3249 480 3322 imperaverat,
495 3245 663 3322 duplicavit,
679 3264 783 3321 eosque
804 3246 834 3302 in
854 3245 1047 3302 continentem
1062 3243 1166 3302 adduci

178 3334 271 3408 jussit,
287 3335 371 3410 quod,
382 3336 541 3412 propinqua
555 3334 600 3392 die
611 3335 792 3409 aequinoctii,
802 3333 922 3392 infirmis
936 3334 1066 3400 navibus,
1079 3331 1166 3388 hiemi

182 3423 392 3499 navigationem
407 3422 615 3498 subjiciendam
635 3442 692 3480 non
713 3423 904 3480 existimabat.
946 3421 1020 3495 Ipse,
1035 3419 1166 3474 idoneam
1180 3415 1218 3468 ab

183 3521 378 3588 tempestatem
392 3522 504 3583 nactus,
520 3514 606 3589 paulo
625 3523 686 3590 post
699 3513 823 3570 mediam
844 3520 957 3568 noctem
971 3525 1059 3564 naves
1073 3506 1166 3572 solvit,

184 3617 256 3672 quaa
270 3621 370 3660 omnes
390 3602 548 3660 incolumes
563 3601 599 3658 ad
620 3603 813 3660 continentem
835 3603 1044 3673 pervenerunt3
1067 3591 1117 3648 sed
1130 3609 1167 3646 ex

184 3685 227 3752 his
239 3691 389 3748 onerariae
403 3690 479 3748 duae
493 3690 616 3759 eosdem,
631 3709 703 3765 quos
723 3687 861 3762 reliquae,
876 3692 974 3758 portus
993 3697 1098 3768 capere
1112 3695 1168 3738 nou

185 3785 343 3850 potuerunt,
358 3788 386 3837 et
400 3780 486 3857 paulo
500 3778 575 3836 infra
589 3778 700 3834 delatae
715 3784 791 3832 sunt.
