2830 4326
180 239 338 297 caram]
575 233 671 282 nisan
688 233 835 289 rnerms.
1025 258 1032 269 .
1187 229 1225 286 61

176 379 287 436 auxilia
301 377 332 433 in
342 373 473 434 Galliam
482 374 640 442 mittantur,
650 391 685 432 so
697 383 793 432 tantm
807 374 938 432 nationes
948 375 1173 452 conjungantur.

176 469 218 534 Q..
225 467 378 526 Titurium
387 463 530 521 Sabinum
544 462 672 540 legatum
686 481 755 521 cum
766 463 928 540 legionibus
939 464 1031 521 tribus
1045 464 1174 542 inUnel-

176 557 226 627 los,
242 554 442 622 Coriosolitas,
462 551 664 628 lexoviosque
685 553 779 622 mittit,
795 554 846 628 qui
868 571 934 610 earn
956 571 1075 612 manum
1097 553 1173 612 disti·

177 647 302 706 nendum
316 653 410 703 curet.
453 639 491 700 D.
508 641 631 699 Brutum
654 641 863 702 adolescentem
884 640 971 700 classi
993 643 1174 718 Gallicisque

178 737 310 805 navibus,
331 753 406 810 quas
427 741 463 789 erl
479 733 645 790 Pictonibus
665 741 694 789 et
708 732 842 790 Santonis
863 734 1041 810 reliquisque
1064 736 1205 810 pacatis5

178 826 344 903 regionibus
367 823 522 880 convenire
543 822 679 896 jusserat,
701 823 831 898 praeficit
842 841 851 894 ;
874 833 912 893 et,
934 842 1025 900 quum
1046 815 1173 901 piimum

179 917 273 992 possit,
289 915 320 972 in
331 914 460 986 Venetos
474 912 617 988 proficisci
629 911 722 986 jubet.
764 911 828 988 lpse
842 933 877 970 eo
891 913 1069 990 pedestribus
1083 915 1173 991 copiis

179 1005 333 1062 contendit.
486 1062 488 1065 .

218 1093 285 1152 ΧΠ.
307 1093 402 1150 Erant
416 1090 557 1167 ejusmodi
578 1089 638 1148 fere
660 1090 733 1148 situs
753 1091 931 1166 oppidorum,
952 1101 991 1160 ut,
1014 1093 1104 1167 posita
1124 1113 1171 1150 ex-

179 1185 276 1242 tremis
290 1183 411 1259 lingulis
425 1181 689 1258 promontoriisque,
704 1197 799 1256 neque
815 1180 935 1255 pedibus
955 1181 1065 1238 aditum
1087 1183 1172 1240 habe-
1190 1189 1225 1244 10

180 1284 249 1344 rent,
271 1291 362 1348 quum
384 1291 420 1328 ex
446 1270 504 1328 alto
524 1289 554 1328 se
578 1280 674 1329 aestus
696 1269 883 1337 incitavisset
905 1269 981 1345 quod
1003 1270 1047 1327 bis
1069 1270 1174 1330 accidit

179 1381 292 1439 semper
314 1363 452 1419 horarum
472 1377 546 1418 mv
559 1360 671 1437 spatio;
695 1377 790 1434 neque
809 1359 941 1427 navibus,
963 1358 1049 1434 quod,
1073 1377 1174 1418 rursus

180 1455 327 1511 minuente
341 1461 433 1520 aestu
445 1467 535 1508 naves
549 1450 579 1506 in
593 1449 676 1506 vadis
687 1449 904 1507 afflictarentur.
947 1447 991 1507 Ita
1005 1459 1127 1526 utraque
1142 1469 1174 1508 re

179 1542 346 1618 oppidorum
360 1541 534 1616 oppugnatio
548 1539 776 1616 impediebatur3
800 1557 846 1608 ac,
861 1540 885 1598 si
900 1539 1016 1616 quando
1029 1541 1171 1617 magnitu-

180 1631 243 1689 dine
258 1632 354 1708 operis
377 1629 448 1687 sorte
472 1632 609 1708 superati,
625 1639 741 1688 extruso
755 1631 829 1686 mari
851 1649 957 1707 aggere
981 1649 1017 1688 ac
1039 1631 1171 1702 molibus,
1188 1637 1224 1692 15

180 1733 263 1799 atque
289 1723 336 1780 his
360 1721 450 1780 ferme
475 1721 569 1798 oppidi
592 1721 742 1780 moenibus
764 1721 939 1797 adaequatis,
963 1723 1023 1780 suis
1052 1721 1173 1782 fouunu

179 1812 329 1889 desperare
350 1821 512 1888 coeperant,
528 1829 635 1888 magno
657 1805 780 1869 numero
796 1812 915 1869 navium
936 1813 1065 1890 appulso,
1086 1815 1177 1890 cujus

179 1905 220 1960 rei
243 1891 388 1960 summam
413 1901 581 1960 facultatem
604 1902 756 1972 habebant,
781 1921 835 1960 sua
859 1901 1045 1980 deportabant
1065 1907 1171 1974 omnia,

179 2011 266 2069 seque
280 1994 310 2050 in
326 1993 456 2070 proxima
477 1991 581 2069 oppida
601 1991 787 2068 recipiebant.
830 1990 874 2050 Ibi
894 2011 925 2050 se
947 2011 1050 2052 rursus
1070 1995 1171 2052 iisdem

178 2081 435 2160 opportunitatibus
449 2080 506 2139 loci
520 2080 719 2140 defendebant.
762 2081 846 2140 Haec
860 2101 894 2140 eo
906 2081 1021 2142 facilins
1036 2103 1171 2162 magnam
1184 2083 1224 2139 20

180 2183 289 2248 partem
308 2172 425 2230 aestatis
446 2170 600 2240 faciebant,
615 2169 691 2247 qnod
712 2181 825 2230 nostrae
846 2191 936 2232 naves
957 2175 1172 2250 tempestatibus

156 2283 159 2286 ·
178 2262 388 2332 detinebantur,
398 2279 568 2337 summaque
583 2270 645 2318 erat
656 2271 736 2320 vesto
750 2271 836 2338 atque
851 2272 948 2338 aperto
961 2264 1044 2332 mari,
1059 2266 1173 2340 magnis

179 2353 312 2422 aestibus,
328 2352 402 2410 raris
417 2370 452 2409 ac
467 2371 553 2429 prope
568 2352 657 2409 nullis
671 2353 809 2428 portibus,
825 2351 981 2410 difficultas
994 2353 1160 2429 navigandi.

218 2441 297 2500 Xlll.
319 2442 456 2518 Namque
478 2443 605 2518 ipsorum
624 2461 714 2500 nares
735 2442 869 2498 adhunc
890 2441 1004 2497 modum
1020 2440 1113 2498 factas
1128 2459 1172 2498 ar-

178 2543 329 2608 mataeque
344 2540 436 2589 erant.
478 2531 603 2590 Carinae
625 2533 773 2607 aliquanto
794 2529 947 2606 planiores,
961 2547 1049 2604 quam
1063 2539 1171 2587 nostra·
1185 2533 1225 2586 25

179 2641 243 2680 rum
257 2623 386 2691 navium,
402 2641 459 2698 quo
473 2620 589 2680 facilius
603 2622 679 2680 vada
694 2639 728 2678 ao
750 2619 902 2676 decessum
924 2627 1021 2680 aestus
1038 2618 1173 2694 excipere

178 2723 310 2790 possent:
342 2731 444 2790 prorae
470 2712 623 2772 admodum
647 2721 773 2780 erectae,
800 2719 885 2784 atque
909 2711 977 2766 item
1002 2725 1114 2786 puppes
1136 2709 1172 2768 ad

178 2803 405 2880 magnitudinem
441 2803 583 2860 fluctuum
618 2809 876 2877 tempestatumque
912 2799 1170 2875 accommodatse;

179 2907 266 2952 naves
280 2904 355 2951 totae
371 2891 466 2951 factae
480 2911 517 2950 ex
532 2891 641 2962 robore,
654 2892 689 2948 ad
704 2891 838 2967 quamvis
852 2892 910 2948 vim
925 2901 953 2949 et
967 2893 1171 2952 coutumeliam

178 2983 398 3059 perferendam:
420 2992 545 3040 transtra
559 2982 709 3058 pedalibus
724 2982 753 3037 in
768 2981 947 3039 latitudinem
962 2984 1092 3041 trabibus
1106 3003 1170 3042 con·
1185 2983 1224 3040 30

178 3075 235 3132 fixa
249 3075 342 3132 clavis
357 3071 470 3142 ferreis,
484 3073 565 3148 digiti
580 3073 692 3148 pollicis
713 3072 923 3130 crassitudine:
946 3075 1098 3145 anchorae,
1120 3093 1172 3152 pro

178 3162 303 3234 funibus,
319 3162 422 3220 ferreis
436 3163 545 3220 catenis
560 3162 725 3220 revinctas:
747 3161 838 3238 pelles
852 3164 998 3238 protelis,
1014 3165 1171 3240 alutaeque

178 3253 485 3312 tenuiter-conlectae:
506 3253 560 3309 hae
580 3252 641 3308 sive
662 3261 775 3327 propter
787 3253 840 3309 lini
853 3253 987 3328 inopiam,
1001 3265 1086 3330 atque
1108 3254 1172 3329 ejus

179 3361 249 3400 usus
269 3342 461 3411 inscientiam,
482 3343 543 3398 sive
566 3359 609 3410 eo,
632 3341 707 3416 quod
730 3351 773 3398 est
794 3341 887 3418 magis
907 3341 1172 3414 verisimila,=quod

178 3441 271 3492 tantm
284 3439 469 3508 tempestates
483 3430 604 3500 Oceani,
626 3429 785 3506 tentemus·
795 3432 919 3506 impetus
940 3440 1090 3486 ventorum
1109 3445 1171 3482 sus-
1185 3429 1223 3484 35

179 3523 322 3593 linarias
343 3530 424 3580 tante
446 3539 533 3578 onera
547 3521 665 3578 navium
687 3522 749 3600 regi
764 3519 836 3580 velis
856 3537 913 3575 non
935 3518 1004 3573 satis
1024 3513 1172 3571 commode

180 3629 258 3689 posse
283 3611 508 3670 arbitrabantur.
549 3609 625 3668 Cum
640 3610 684 3668 hia
706 3611 830 3668 navibus
853 3614 967 3662 nostrae
988 3601 1076 3658 classi
1096 3601 1171 3674 ejus-

180 3702 253 3759 modi
273 3717 449 3780 ccngressns
472 3708 588 3770 erat,ut
613 3717 672 3757 uns
692 3697 843 3757 celeritate
867 3700 896 3747 et
917 3688 1002 3762 pulsu
1028 3701 1173 3748 remorum

181 3801 356 3866 praestarem
380 3789 500 3867 reliqua,
515 3805 566 3866 pro
579 3784 636 3846 loci
650 3797 764 3854 natura,
779 3800 831 3858 pro
845 3779 874 3836 vi
888 3778 1099 3854 tempestatum,
1114 3777 1173 3842 illia

677 3879 696 3930 6
