2804 4312
186 243 242 290 en.
252 243 344 297 esest
570 243 665 292 menn
682 245 856 298 smuunus.
1191 243 1231 302 fil

226 379 339 438 XXIV.
362 379 472 438 Eodem
486 381 614 458 tempore
629 386 741 460 equites
753 388 853 457 nomn,
869 387 999 464 leuisque
1014 400 1179 448 armaturae

185 470 304 548 pedites,
318 470 370 545 qui
384 489 454 527 cum
467 471 505 528 iis
519 491 578 529 uns
593 471 715 544 dierunt,
733 491 805 552 quos
819 479 911 552 primo
931 479 1057 537 hostium
1070 481 1178 556 impetu

184 561 282 640 pulsos
296 561 438 630 dixeram,
453 573 545 636 quum
559 581 590 619 se
604 563 745 622 innostra
759 567 928 642 reciperent,
944 567 1073 626 adversis
1092 571 1176 628 hosti·

185 653 239 709 bus
252 650 445 708 occurrebant
460 669 495 706 so
510 669 613 710 rursus
627 653 714 712 'eliam
729 655 759 710 in
773 666 883 731 partem
906 655 1005 733 fugem
1025 659 1177 735 petebant:

184 751 214 799 et
235 741 361 810 calones,
385 740 437 816 qui
460 741 497 796 eb
521 739 683 800 decumana
707 757 789 820 porte
813 763 848 804 se
871 763 984 804 summo
1002 747 1074 824 jugo
1093 747 1208 806 collisb

184 839 295 889 nomme
321 829 446 888 victores
473 831 581 887 flumen
609 833 745 890 transisse
773 845 991 910 conspexerant,
1020 836 1175 913 prsedsudi

183 939 275 978 cause
295 919 413 996 egressi,
435 935 525 995 quum
547 921 739 996 respexissent
753 933 781 980 et
796 923 891 981 hostes
911 925 941 982 in
955 926 1059 983 nostris
1073 928 1175 986 cestris

185 1011 295 1067 versari
309 1007 456 1078 vidissent,
472 1010 646 1085 praecipites
663 1009 749 1087 fugae
770 1031 833 1070 sese
854 1013 1038 1071 mandabant.
1080 1015 1174 1073 Simul

184 1115 294 1168 eorum,
308 1099 360 1175 qui
374 1115 442 1160 cum
463 1098 673 1174 impedimentis
687 1101 848 1170 veniebant,
864 1101 974 1158 clamor
987 1101 1175 1179 fremitusque

182 1189 338 1257 oriebatur,
372 1187 479 1263 aliique
515 1186 603 1244 sliam
631 1189 661 1244 in
690 1197 800 1263 partem
829 1191 973 1263 perterriti
997 1189 1172 1250 ferebantur.
1190 1193 1227 1248 lb

183 1279 299 1345 Quibus
313 1277 445 1334 omnibus
459 1277 545 1334 rebus
560 1278 680 1354 pennoti
699 1278 809 1352 equites
824 1274 950 1347 Treviri,
965 1297 1088 1354 quorum
1101 1282 1176 1338 inter

183 1368 289 1426 Gallos
311 1366 424 1422 virtutis
447 1367 542 1442 opinio
564 1376 607 1424 est
631 1366 797 1443 singularis,
818 1367 877 1442 qui,
904 1367 1006 1424 suxilii
1029 1387 1118 1426 oense
1139 1371 1175 1428 sb

181 1459 302 1517 civitate
316 1455 405 1525 mimi,
419 1455 454 1512 ed
473 1455 629 1512 Caesarem
645 1464 795 1525 venerunt,
808 1475 899 1532 quum
915 1455 1098 1516 multitudine
1111 1459 1173 1517 hos·

182 1548 256 1606 tium
270 1554 366 1604 cestra
379 1553 475 1602 nostrs
486 1545 634 1620 compleri,
648 1545 776 1622 legiones
791 1546 883 1624 premi
903 1555 932 1603 et
943 1563 1035 1623 paene
1046 1548 1172 1606 circum.

183 1646 284 1696 ventes
297 1635 398 1703 teneri,
413 1632 539 1703 celorico,
555 1635 674 1710 equites,
690 1632 856 1705 funditores,
877 1635 1031 1706 Numidas,
1046 1636 1173 1698 diversos
1188 1637 1225 1693 ib

182 1727 399 1801 dissipatosque,
423 1723 453 1778 in
475 1741 575 1780 omnes
598 1733 693 1798 portes
721 1723 822 1800 ingere
846 1725 991 1794 vidissent,
1017 1725 1173 1806 desperetis

182 1817 288 1874 nostris
299 1815 396 1882 rebus,
411 1811 527 1868 domum
542 1811 765 1874 contenderunt:
788 1813 933 1872 Romsms
944 1815 1042 1891 pulsos
1054 1835 1171 1892 supera.

182 1910 291 1982 tneque,
307 1902 410 1960 cestris
423 1901 691 1978 impedimentisque
705 1921 805 1960 eornm
824 1903 920 1960 hostes
939 1905 1048 1980 potitos,
1063 1907 1172 1965 civitati

184 1995 441 2054 renunciaverunt.

223 2081 320 2142 XXV.
342 2080 461 2150 Caesar,
474 2079 510 2136 sb
518 2077 648 2138 decimes
660 2079 780 2158 legionis
790 2082 982 2140 cohortatione
994 2082 1030 2140 ud
1039 2083 1172 2144 dextrum
1185 2085 1224 2142 2⁰

183 2191 274 2232 cornu
289 2169 444 2250 profectus,
461 2170 512 2226 ubi
530 2187 597 2228 suns
619 2171 725 2246 urgeri,
746 2170 895 2248 signisque
914 2173 945 2228 in
967 2191 1056 2230 unum
1077 2174 1175 2232 locum

182 2262 296 2321 collutis
317 2259 504 2318 duodecimae
528 2258 651 2335 legionis
674 2259 815 2318 confertos
839 2261 944 2319 milites
965 2263 1021 2320 sibi
1041 2264 1117 2339 ipsos
1139 2263 1175 2321 sd

183 2366 313 2430 pugnem
325 2369 389 2407 esse
403 2347 625 2424 impediment03
648 2359 769 2424 quartae
784 2349 913 2408 solionis
927 2351 1062 2408 omnibus
1075 2361 1174 2409 centu·

184 2441 313 2499 rionibus
325 2437 438 2508 occisis,
454 2436 649 2514 signiferoque
670 2437 829 2506 interfecto,
845 2439 929 2514 signo
940 2439 1054 2506 emisso,
1070 2439 1174 2513 reliqu-

181 2549 268 2588 arum
289 2529 448 2586 cohortium
469 2527 602 2585 omnibus
623 2525 684 2584 fere
705 2526 922 2584 centurionibus
943 2535 994 2582 eut
1008 2526 1173 2596 vulneratis,
1186 2527 1226 2585 23

183 2634 235 2678 sut
248 2619 362 2688 occisis,
377 2619 408 2674 iu
421 2616 466 2675 his
480 2616 640 2693 primopilo,
649 2615 681 2673 P.
690 2616 791 2674 Sextio
805 2615 926 2684 Baculo,
939 2613 1091 2671 fortissimo
1104 2615 1174 2686 viro,

183 2709 283 2768 multis
296 2708 493 2786 gresibusque
507 2705 677 2763 vulneribus
697 2703 840 2774 coniecto,
856 2713 888 2761 ut
905 2704 969 2779 jem
988 2721 1019 2761 se
1033 2705 1175 2763 sustinere

184 2817 241 2856 non
255 2807 359 2874 posset,
374 2791 501 2871 reliquos
521 2814 584 2852 esse
605 2794 753 2864 tardiores,
775 2804 804 2852 et
827 2794 982 2852 nonnullos
1001 2793 1038 2852 sb
1057 2795 1174 2854 novissi·

184 2888 240 2946 mis
253 2887 378 2945 desertos
392 2884 501 2962 proelio
514 2884 654 2942 excedere
675 2903 710 2941 sc
731 2883 789 2941 tels
803 2885 913 2958 ritsre;
935 2885 1029 2942 hostes
1042 2903 1137 2962 neque
1158 2905 1175 2944 s

185 2976 277 3035 fronte
292 2995 329 3034 ex
343 2974 478 3035 inferiore
492 2974 556 3032 loco
570 2974 728 3031 subeuntes
741 2973 939 3045 intermittere,
955 2969 984 3032 et
1003 2975 1039 3032 sb
1053 2985 1174 3052 utroque
1185 2977 1224 3035 80

181 3066 275 3145 lutere
289 3067 415 3137 instsre3
438 3075 467 3122 et
481 3080 618 3121 remeses
632 3063 663 3119 in
678 3073 799 3138 angusto
812 3064 891 3132 vidit,
901 3062 994 3141 neque
1006 3063 1099 3122 ulium
1111 3085 1174 3124 esse

183 3155 354 3225 subsidium,
379 3152 456 3230 quod
478 3153 608 3210 submitti
632 3161 742 3228 posset:
757 3203 759 3210 ,
772 3162 854 3210 scuto
878 3154 914 3210 eb
937 3155 1100 3213 novissimis
1124 3157 1175 3212 uni

184 3245 269 3302 uriliti
290 3244 427 3311 densete,
443 3241 518 3318 quod
540 3242 601 3318 ipse
623 3261 659 3299 eo
678 3242 739 3298 sine
760 3252 842 3302 scuto
856 3254 983 3314 teneret,
998 3245 1028 3300 in
1052 3245 1175 3320 primum

184 3335 279 3392 eciem
293 3333 440 3410 processit,
455 3331 727 3406 centurionibusque
745 3333 914 3390 nominatim
934 3332 1093 3410 appelletis,
1109 3333 1174 3388 reli-

183 3441 257 3498 quos
281 3423 446 3480 cohortatus
469 3421 583 3490 r'nilites,
607 3421 690 3498 signu
712 3420 869 3479 inferrent
892 3421 1055 3496 manipulos
1074 3417 1225 3474 immet

181 3512 278 3588 jussit,
299 3531 358 3588 quo
372 3509 488 3570 facilius
508 3509 612 3588 gladiis
633 3511 675 3568 uti
699 3520 823 3586 possent.
864 3509 957 3584 Cujus
978 3507 1107 3564 adventu
1125 3523 1175 3579 spe

184 3601 267 3660 illsts
276 3601 425 3670 militibus,
436 3619 471 3658 so
485 3600 677 3678 redintegrato
687 3600 791 3668 animo,
802 3616 893 3672 quum
904 3613 955 3670 pro
969 3613 1000 3652 se
1014 3592 1136 3667 quisque
1145 3592 1175 3648 iu

184 3700 342 3767 conspectu
356 3689 543 3766 imperatoris,
558 3691 646 3746 etism
660 3690 690 3744 in
710 3685 847 3744 extremis
868 3683 929 3739 suis
949 3681 1045 3749 rebus,
1058 3697 1176 3756 operam

183 3796 295 3838 nevere
309 3789 458 3856 cuperent,
472 3778 592 3855 psulum
606 3777 730 3836 hostium
741 3775 866 3848 impetus
878 3768 1009 3828 tsrdstus
1021 3777 1074 3830 est.
