2804 4312
169 297 225 343 cn.
235 297 294 349 su]
579 295 675 342 nisan
693 294 840 344 rannus
1177 291 1220 350 57

165 445 263 513 partes
283 433 407 492 flumine
427 433 612 504 divideretur,
635 434 757 493 alteram
780 444 892 513 partem
913 435 981 513 ejus
992 437 1051 496 vici
1072 437 1167 497 Gallis

165 527 310 584 concessit
321 545 331 599 ;
356 525 488 596 alteram,
503 537 628 584 vacuam
650 514 765 584 abillis
787 527 928 598 relictam,
944 529 1108 588 cohortibus
1129 530 1166 588 ad

164 616 355 676 hiemandum
370 615 508 673 attribuit.
551 615 630 673 Eum
645 615 741 674 locum
756 618 833 676 vallo
848 616 981 694 fossaque
995 621 1129 678 munivit.

204 707 243 764 11.
267 707 370 772 Quum
384 705 446 764 dies
460 705 646 764 hibernorum
660 707 823 784 complures
836 709 1015 779 transissent,
1036 708 1163 770 frumen·
1183 745 1184 748 =

125 819 130 826 ·
164 806 287 872 tumque
301 797 518 872 eocomportari
531 795 671 872 jussisset,
681 797 774 855 subito
788 815 839 874 per
849 797 1044 878 exploratores
1056 801 1196 861 certior-5

165 885 262 944 factus
282 895 334 956 est,
349 904 387 943 ex
401 905 437 942 ea
457 895 537 962 parts
553 887 619 956 vici,
633 905 721 963 quam
743 887 838 946 Gallis
856 899 1049 960 concesserat,
1064 903 1164 964 omnes

166 988 253 1036 noctu
277 977 454 1046 discessisse,
480 986 657 1051 montesque,
679 979 730 1053 qui
754 978 961 1055 impenderent,
991 999 1009 1037 a
1036 981 1164 1039 maxima

166 1067 350 1125 multitudine
365 1065 548 1124 Sedunorum
562 1075 590 1124 et
601 1065 801 1143 Veragrorum
815 1069 917 1125 teneri.
958 1067 991 1126 ld
1005 1068 1114 1146 aliquot
1127 1069 1163 1127 de

167 1158 264 1214 causis
278 1157 434 1227 assideret,
450 1166 482 1215 ut
502 1156 596 1214 subito
618 1155 698 1216 Galli
723 1156 792 1212 belli
806 1157 964 1215 renovandi
984 1157 1164 1234 legionisque

166 1247 371 1326 opprimendae
392 1245 546 1304 consilium
571 1254 728 1322 caperent:
753 1245 889 1322 primum,
911 1246 987 1321 quod
1010 1245 1163 1322 legionem,
1179 1248 1216 1303 1⁰

166 1355 261 1413 neque
275 1355 341 1394 eam
356 1337 561 1414 plenissimam,
578 1335 715 1394 detractis
729 1335 895 1392 cohortibus
908 1335 1033 1405 duabus,
1045 1344 1074 1392 et
1088 1355 1164 1393 corn-

167 1426 301 1502 pluribus
327 1426 505 1504 singillatim,
535 1426 595 1502 qui,
624 1433 803 1482 commeatus
831 1424 945 1501 petendi
969 1423 1061 1483 causi
1085 1426 1165 1484 missi

166 1526 259 1586 erant,
292 1517 466 1586 absentibus,
498 1526 614 1592 propter
649 1515 825 1591 paucitatem
854 1514 1068 1591 despiciebant:
1102 1525 1165 1574 tum

166 1609 264 1676 etiam,
278 1607 355 1682 quod
377 1617 493 1684 propter
505 1607 687 1682 iniquitatem
702 1604 768 1674 loci,
783 1623 874 1681 quum
894 1605 949 1681 ipsi
970 1623 1007 1662 cx
1021 1607 1164 1664 montibus

167 1697 196 1754 in
210 1696 319 1754 vallem
334 1697 522 1754 decurrerent
536 1707 565 1754 et
579 1697 638 1754 tela
652 1695 838 1772 conjicerent,
855 1714 891 1753 ne
906 1695 1033 1774 primum
1047 1697 1164 1772 quidem
1180 1696 1215 1751 1⁵
1288 1691 1294 1704 '

167 1807 249 1864 posse
258 1789 398 1864 impetum
412 1805 499 1844 suum
513 1786 649 1844 sustineri
663 1786 875 1862 existimabant.
899 1785 1077 1857 Accedebat,
1087 1787 1164 1862 qnod

167 1899 234 1942 suos
258 1881 295 1938 ab
314 1901 346 1938 se
367 1880 473 1938 liberos
494 1879 652 1936 abstractos
672 1879 803 1936 obsidum
823 1880 939 1936 nomine
961 1878 1113 1951 dolebaut3
1135 1889 1164 1939 et

167 1971 321 2040 Romanos,
343 1989 400 2028 non
425 1970 519 2028 solum
542 1970 679 2026 itinerum
702 1988 802 2039 causa,
823 1969 873 2028 sed
898 1969 986 2027 etism
1008 1978 1164 2046 perpetuae

167 2061 362 2138 possessionis,
388 2058 518 2117 culmina
540 2059 663 2134 Alpium
686 2051 830 2134 occupare
852 2060 960 2128 conari,
982 2067 1012 2116 et
1036 2078 1086 2136 ea¹
1099 2059 1165 2117 loca

167 2151 307 2208 finitimae
322 2150 488 2227 provinciae
503 2148 672 2225 adjungere,
687 2149 741 2206 sibi
756 2165 928 2226 persuasum
943 2149 1098 2206 habebant.
1178 2141 1217 2198 20

208 2240 261 2300 111.
283 2239 339 2298 His
353 2240 469 2297 nunciis
489 2241 624 2315 acceptis,
641 2238 745 2309 Galba,
760 2241 850 2316 q'uum
871 2259 965 2314 neque
979 2257 1051 2316 opus
1072 2238 1165 2296 hiber.

168 2350 272 2390 norum
287 2332 517 2406 munitionesque
538 2330 622 2407 plene
644 2339 738 2388 essent
763 2329 920 2406 perfectae,
934 2347 1030 2406 neque
1050 2327 1085 2386 de
1107 2327 1165 2385 fru-

168 2431 264 2486 mento
286 2422 454 2498 reliquoque
470 2424 633 2478 commeatu
648 2419 718 2478 satis
737 2429 813 2476 esset
838 2422 995 2494 provisum,
1010 2417 1095 2492 quod,
1118 2417 1165 2474 dea

168 2512 275 2571 ditione
295 2511 372 2570 facta
392 2511 595 2587 obsidibusque
610 2508 834 2587 acceptis„nihil
855 2507 890 2568 de
912 2507 988 2563 bello
1006 2505 1166 2562 timendum

168 2603 394 2673 existimaverat,
415 2602 535 2660 consilio
557 2600 694 2658 celeriter
715 2606 881 2666 convocato,
897 2595 1053 2654 sententias
1067 2594 1165 2669 exqui-
1178 2599 1218 2652 25

169 2714 234 2753 rere
249 2696 352 2772 coepit.
385 2694 496 2760 Quoia
511 2693 640 2762 oonsilio,
654 2709 747 2768 quum
760 2697 874 2747 tantum
889 2683 1029 2762 repentini
1043 2683 1167 2759 periculi

168 2795 285 2861 praeter
308 2785 470 2861 opinionem
492 2783 711 2851 accidisset,.ac
733 2779 796 2856 jam
817 2776 914 2836 omnia
935 2773 996 2832 fere
1017 2773 1167 2851 superiora

169 2874 432 2950 loca'multitudine
447 2883 624 2930 armatorum
641 2869 785 2946 completa
805 2867 1051 2944 conspicerentur,
1072 2883 1166 2941 neque

171 2964 297 3022 subsidio
312 2965 414 3034 veniri,
426 2982 521 3040 neque
535 2971 715 3020 commeatus
729 2958 890 3036 supportari
905 2956 1071 3016 interclusis
1085 2957 1165 3016 itine-

172 3055 252 3114 ribus
274 3063 397 3131 possent,
419 3073 506 3130 prope
528 3052 590 3128 jam
604 3051 755 3128 desperata
769 3049 871 3119 salute,
886 3047 1044 3106 nonnullae
1066 3048 1166 3123 hujus·
1181 3045 1220 3100 30

112 3143 121 3160 '
172 3145 247 3202 modi
262 3145 421 3202 sententiae
430 3143 610 3212 dicebantur,
620 3149 660 3210 ut,
670 3139 1009 3216 impedimentisrelictis,
1018 3138 1168 3214 eruptione

172 3233 259 3304 iacta,
273 3233 377 3290 iisdem
400 3232 560 3301 itineribus,
581 3221 688 3306 quibus
708 3249 742 3287 eo
764 3231 969 3306 pervenissent,
984 3227 1023 3288 ad
1044 3229 1169 3286 salutem

172 3324 388 3382 contenderent.
431 3321 537 3397 Majori
556 3330 654 3378 tamen
675 3321 748 3396 parti
771 3320 888 3396 placuit,
904 3319 958 3377 hoc
973 3327 1119 3376 reservato
1132 3316 1168 3373 ad

172 3427 334 3472 extremum
356 3411 485 3482 consilio,
501 3410 616 3468 interim
638 3411 680 3466 rei
703 3418 839 3482 eventum
860 3405 995 3485 experiri,
1020 3415 1049 3464 et
1072 3412 1170 3462 castra

172 3501 338 3562 defendere.
1183 3495 1222 3551 35

213 3593 267 3650 IV.
289 3591 378 3650 Brevi
402 3591 495 3667 spatio
514 3589 672 3664 interjecto,
688 3588 737 3644 vix
752 3597 783 3644 ut
804 3587 850 3645 his
864 3585 960 3650 rebus,
975 3597 1049 3654 quas
1066 3578 1169 3634 consti-

173 3683 304 3752 tuissent,
330 3679 506 3739 collocandis
529 3687 614 3752 atquc
639 3673 873 3734 administrandis
899 3681 1014 3744 tempus
1043 3666 1170 3736 daretur,

174 3771 270 3828 hostes
292 3790 329 3828 ex
353 3770 486 3828 omuibus
508 3767 646 3843 partibus,
669 3765 752 3840 signo
775 3763 850 3830 dato,
872 3758 1039 3825 decurrere,
1061 3754 1173 3832 lapides

175 3878 322 3936 gaesaque
343 3860 373 3916 in
392 3859 503 3916 vallum
517 3843 680 3930 conjicere:
701 3849 792 3910 nostri
812 3849 905 3926 primo
925 3845 1045 3922 integris
1062 3845 1175 3904 viribus
1252 3885 1254 3889 .
