2804 4312
177 265 220 328 ἦ
536 271 580 320 ni:
599 270 704 318 BELLO
723 269 868 316 unnim
1111 267 1223 320 [Ornia

228 413 391 470 existimari
417 409 558 478 uolebant,
584 425 640 465 non
670 425 703 464 se
727 406 838 464 hostem
862 405 966 473 vereri,
990 405 1044 462 ssd
1073 405 1224 481 angustias

228 500 349 570 itineris,
364 511 392 558 et
407 496 635 575 magnitudinem
649 495 811 570 sylvarum,
826 513 901 570 quoe
916 494 1128 554 intercederent
1147 495 1224 552 inter

227 579 304 668 ipsos
317 599 404 664 atque
420 587 609 656 Ariovistum,
624 595 675 642 aut
687 603 749 642 rem
763 583 993 652 frumentariam,
1010 594 1041 642 ut
1054 585 1126 642 satis
1144 603 1221 642 com-

227 678 311 736 mode
332 677 623 752 supportari'posset,
645 675 749 732 timere
773 673 918 732 dicebant.
968 673 1112 732 Nonnulli
1133 675 1223 732 etiam

193 767 348 828 dilassari
373 765 593 834 renunciabant,
617 781 711 840 quum
733 772 829 820 castra
854 763 963 820 moveri
987 782 1023 822 ac
1043 763 1128 842 signa
1153 762 1223 822 ferri

224 857 367 934 jussisset,
379 873 436 912 non
448 854 509 912 fore
519 853 597 912 dicto
606 853 756 914 audientes
767 853 881 922 milites,
893 871 950 912 nec
960 863 1076 930 prepter
1088 853 1222 912 timorem

227 947 310 1022 signa
324 945 444 1002 laturos.

268 1033 333 1091 XL.
357 1033 445 1090 Haeo
476 1051 567 1108 quum
602 1031 862 1102 animadvertisset,
895 1043 1053 1092 convocato
1086 1033 1221 1104 concilio,

226 1124 413 1198 omniumque
432 1121 565 1179 ordinum
579 1121 616 1194 ad
630 1121 658 1180 id
673 1120 829 1180 concilium
841 1121 979 1181 adhibitis
993 1124 1222 1192 centurionibus,

177 1215 214 1272 10
228 1214 414 1274 vehementer
427 1229 479 1270 eos
498 1213 662 1270 incusavit:
684 1211 824 1281 Primum,
839 1211 915 1288 quod
932 1222 984 1271 aut
1003 1231 1091 1288 quam
1112 1213 1142 1270 in
1156 1231 1220 1289 par-

226 1313 293 1370 tem,
309 1312 360 1360 aut
373 1319 431 1377 quo
449 1301 571 1358 'consilio
583 1300 771 1370 ducerentur,
783 1301 838 1358 sibi
857 1302 1058 1377 quaerendum
1080 1311 1131 1360 aut
1144 1303 1222 1380 cogi.

226 1391 346 1450 tandum
361 1399 504 1468 putarent.
534 1391 724 1461 Ariovistum,
734 1409 765 1448 se
776 1391 905 1460 nonullo,
921 1391 1106 1468 cupidissime
1119 1391 1233 1468 Populi

228 1479 351 1539 Romani
366 1480 523 1538 amicitiam
535 1481 676 1558 appetisse
683 1500 695 1553 -;
719 1481 860 1538 curhuno
874 1489 934 1538 tam
947 1491 1056 1539 temere
1067 1483 1222 1558 quisquam

228 1570 264 1628 ab
277 1569 373 1626 officio
393 1569 590 1628 discessurum
609 1569 777 1644 judicareti
819 1569 881 1628 sibi
903 1569 1020 1645 quidem
1043 1571 1221 1646 persuaderi,

176 1665 213 1720 15
227 1659 349 1735 cognitis
363 1659 424 1716 suis
433 1658 592 1734 postulatis,
602 1668 689 1734 atque
704 1659 848 1734 aequitate
857 1659 1052 1716 conditionum
1061 1667 1221 1734 perspecta,

227 1765 297 1808 sum¹
314 1766 409 1824 neque
431 1765 524 1817 suam,
547 1765 641 1824 neque
656 1745 758 1824 Pdpuli
772 1745 896 1804 Romani
914 1748 1037 1823 gratiam
1057 1747 1222 1824 repudiatu-

227 1851 303 1896 rum'.
346 1835 432 1902 Quod
446 1837 471 1894 si
486 1836 584 1894 furore
605 1846 691 1912 atque
713 1837 839 1894 amentia
853 1836 997 1912 impulsus
1018 1836 1126 1894 bellum
1146 1839 1221 1896 intu-

227 1926 315 1996 lisset,
330 1926 399 2002 quid
413 1926 529 1983 tandem
539 1925 733 1982 vererenturl
755 1935 805 1982 aut
819 1943 873 1982 cur
886 1925 922 1982 de
933 1926 1110 1996 suavirtnte,
1123 1937 1172 1984 aut
1185 1927 1223 1986 de

227 2016 318 2092 ipsius
327 2015 478 2092 diligentia
492 2014 703 2090 desperarentl
738 2013 863 2072 Factum
877 2014 1045 2089 ejus'hostis
1058 2015 1222 2090 periculum

173 2113 215 2168 20
228 2115 343 2182 patrum
357 2111 519 2162 nostrorum
534 2103 681 2172 memoria,
696 2121 796 2179 quum,
811 2103 938 2161 Cimbris
956 2113 984 2161 et
999 2103 1139 2162 Teutonis
1153 2125 1171 2162 a
1184 2106 1221 2164 C.

228 2193 435 2270 monopoleis,
450 2211 508 2252 non
523 2193 663 2251 minorem
679 2192 796 2250 landem
810 2193 965 2262 exercitus,
980 2211 1067 2268 quam
1089 2195 1150 2270 ipse
1169 2196 1222 2252 im.

227 2293 352 2360 perator,
376 2284 496 2340 meritus
518 2282 687 2340 videbatur:
719 2280 828 2339 factum
850 2282 938 2339 etiam
959 2299 1054 2358 nuper
1075 2283 1105 2339 in
1128 2283 1222 2355 ltalia,

227 2372 327 2430 servili
340 2372 477 2442 tumultu,
492 2391 565 2448 quos
578 2381 675 2438 tamen
690 2371 799 2448 aliquid
814 2390 888 2430 usus
903 2389 938 2428 uc
956 2371 1120 2448 disciplina,
1134 2392 1223 2450 quam

228 2462 348 2520 anobis
369 2463 559 2538 accepissent,
582 2461 779 2518 sublevarent.
823 2461 869 2517 Ex
891 2479 949 2536 quo
967 2461 1095 2536 judicari
1118 2474 1222 2538 posset,

174 2563 214 2620 25
228 2560 368 2628 quantum
382 2552 502 2609 haberet
516 2551 546 2608 in
560 2569 591 2608 se
605 2551 671 2608 boni
685 2550 864 2622 constantia3
887 2559 1037 2625 propterea
1050 2549 1136 2626 quod,
1151 2571 1225 2628 quos

228 2642 406 2717 aliquamdiu
421 2643 547 2707 inermos
558 2641 622 2698 sine
636 2657 727 2722 causa
741 2641 911 2707 timuissent,
926 2639 978 2696 hos
992 2650 1088 2716 postea
1097 2652 1224 2700 armatos

228 2750 264 2788 ao
278 2733 404 2792 victores
423 2739 619 2807 superassent.
662 2728 795 2804 Denique
810 2729 862 2786 hos
881 2746 945 2786 ease
965 2729 1091 2800 eoedem
1105 2731 1221 2805 quibus-

227 2837 297 2876 oum
311 2837 520 2896 saepenumero
533 2817 662 2876 Helvetii
676 2819 834 2894 congressi,
849 2837 907 2876 nou
927 2819 1021 2876 solum
1035 2819 1065 2874 in
1079 2821 1149 2890 suis,
1171 2821 1222 2878 sed

228 2907 316 2964 etiam
330 2908 361 2962 in
384 2908 501 2964 illorum
521 2907 637 2976 linibus
661 2907 833 2983 plerumque
856 2909 1029 2984 superarint,
1051 2909 1102 2983 qni
1125 2917 1222 2968 tamen

176 3007 216 3062 80
229 3013 313 3072 pares
326 3014 391 3052 esse
404 3005 501 3058 nostro
514 2996 645 3053 exercitu
666 3012 722 3054 nnn
737 2998 891 3073 potuerint.
933 2997 1050 3072 Siquos
1065 2995 1222 3055 adversum

228 3083 371 3162 proelium
391 3093 420 3142 et
441 3083 512 3160 suga
527 3083 681 3142 Gallorum
702 3097 904 3156 commoveret,
918 3086 978 3154 hos,
994 3085 1019 3142 si
1037 3097 1222 3161 quaererent,

199 3195 206 3203 ·
229 3173 356 3249 reperire
366 3191 456 3249 posse,
468 3173 656 3232 diuturnitate
666 3174 733 3231 belli
741 3173 905 3252 defatigatis
914 3175 1018 3245 Gallis,
1031 3176 1221 3246 Ariovistum,

228 3279 320 3338 quum
334 3262 440 3320 multos
454 3277 568 3320 menses
581 3263 685 3320 castris
699 3281 730 3322 se
745 3282 780 3322 ac
795 3265 951 3340 paludibus
962 3265 1111 3334 tenuisset,
1126 3283 1222 3342 neque

228 3352 274 3409 sui
289 3359 455 3428 potestamm
470 3351 594 3422 fecisset,
609 3352 795 3430 desperantes
802 3354 863 3429 jam
877 3353 913 3411 de
928 3373 1027 3431 pugna
1037 3364 1066 3412 et
1079 3355 1224 3432 dispersos

176 3451 215 3508 35
228 3442 322 3500 subito
331 3441 470 3512 adortum,
480 3443 575 3518 magis
584 3443 693 3500 ratione
701 3451 730 3500 et
744 3443 871 3513 oonsilio,
881 3463 970 3520 quam
978 3446 1094 3514 virtute,
1104 3446 1220 3504 vicisse.

227 3530 284 3588 Cui
308 3531 411 3590 rationi
433 3541 533 3590 contra
555 3533 684 3590 homiues
707 3533 844 3590 barbaros
866 3543 953 3609 atque
974 3535 1121 3611 imperitos
1141 3536 1223 3594 locus

229 3617 339 3690 inisset,
354 3621 412 3678 hac
425 3639 461 3678 ue
483 3623 577 3698 ipsum
591 3621 709 3697 quidem
730 3639 856 3698 sperare,
871 3631 982 3681 nostros
996 3626 1143 3682 exercitus
1155 3626 1222 3701 capi

228 3725 320 3782 posse.
362 3710 424 3778 Qui
438 3729 525 3770 sunm
535 3712 667 3770 timorem
681 3712 712 3768 in
723 3711 766 3768 rei
775 3709 982 3771 frumentariae
996 3713 1221 3783 simulationem,

228 3799 435 3876 angustiasque
458 3801 594 3863 itinerum
617 3799 790 3871 conferrent,
814 3799 912 3860 fauere
933 3811 1111 3881 arroganter,
1130 3819 1223 3878 quum
