2826 4336
1103 219 1117 244 ο

193 273 235 328 86
545 281 588 327 DE
605 279 710 326 BELLO
726 279 870 326 GALLIOO
1100 277 1229 334 [cmm.

244 420 319 476 tibus
342 417 456 476 Galliae
479 417 618 474 citerioris
639 417 771 491 percotis,
794 416 825 472 iu
846 415 999 490 Illyricum
1026 413 1229 489 proficiscitur,

240 507 317 582 quod
339 527 356 564 a
378 507 498 565 Pirustis
519 506 669 562 finitimam
693 514 803 580 partem
828 504 992 579 provinciae
1016 503 1230 562 incursionibus

242 597 349 652 vastari
363 595 508 652 audiebat.
550 594 594 650 Eo
615 613 705 668 quum
720 594 853 662 venisset,
868 591 1033 649 civitatibus
1053 593 1158 649 milites
1175 593 1227 648 im-

242 693 329 760 perat,
339 694 508 757 certumque
522 684 551 738 in
566 681 662 738 locum
671 683 824 739 convenire
835 681 927 756 jubet.
956 679 1026 758 Qua
1036 698 1069 736 re
1080 681 1226 750 nunciata,

210 768 372 831 bPirustae
393 772 503 846 legatos
526 771 644 828 adeum
668 771 791 838 mittunt,
806 771 857 844 qui
877 769 1006 838 doceant,
1021 767 1104 826 Nihil
1125 785 1227 826 aarum

242 879 339 918 rerum
354 860 469 936 publico
484 859 592 917 factum
614 859 741 927 oonsilio,
756 877 877 933 seseque
897 867 1010 934 paratas
1030 875 1093 916 ene
1112 857 1225 914 demon·

241 961 331 1007 strant
351 951 483 1008 amnibus
505 949 663 1006 rationibus
683 947 718 1004 de
741 947 854 1021 injuriis
876 944 1053 1004 satisfacere.
1094 946 1227 1020 Accepta

240 1041 367 1098 oratione
389 1058 497 1107 eorum,
520 1037 629 1095 Caesar
649 1037 761 1094 obsides
782 1037 912 1112 imperat,
934 1053 1038 1110 eosque
1060 1033 1095 1090 ad
1115 1043 1226 1090 certam

241 1129 317 1185 diem
339 1129 443 1187 adduci
463 1129 560 1204 jubet:
590 1128 645 1184 nisi
670 1128 709 1184 ita
731 1125 860 1196 feceriut,
886 1144 949 1183 sese
977 1123 1052 1184 bello
1079 1124 1225 1182 civitatem

164 1225 169 1230 '
192 1221 228 1276 10
241 1227 461 1294 persecuturum
484 1217 665 1276 demonstrat.
708 1215 764 1272 His
786 1215 821 1272 ad
842 1215 918 1272 diem
940 1213 1078 1282 adductis,
1093 1222 1124 1271 ut
1137 1213 1224 1288 impe-

241 1317 364 1376 raverat,
381 1309 500 1364 arbitros
514 1307 588 1363 iuter
602 1306 733 1363 civitates
752 1303 809 1374 dat,
824 1305 875 1380 qui
888 1305 968 1360 litem
988 1303 1146 1372 aestiment,
1161 1321 1224 1378 poe-

241 1416 365 1472 namque
380 1398 563 1454 constituant.
1002 1437 1003 1440 η

279 1486 317 1544 ΙΙ.
339 1487 395 1544 His
410 1485 547 1544 confectis
562 1486 656 1553 rebus,
673 1485 917 1558 conventibusque
938 1483 1072 1558 peractis,
1087 1483 1118 1540 iu
1131 1482 1225 1540 citeri-

236 1593 318 1631 orem
334 1573 462 1631 Galliam
477 1576 639 1642 revertitur,
656 1583 740 1646 atque
755 1573 820 1629 inde
842 1573 876 1628 ad
891 1573 1050 1629 exercitum
1070 1572 1224 1647 proficisci·
1326 1606 1329 1616 ·

191 1667 226 1720 15
239 1673 296 1718 tur.
338 1661 383 1717 Eo
397 1681 487 1736 quum
502 1663 634 1728 venisset,
646 1661 775 1716 circuitis
783 1661 914 1716 omnibus
928 1659 1067 1729 hibernis,
1083 1659 1226 1734 singulari

239 1748 361 1805 militum
381 1749 482 1815 studio,
498 1749 527 1802 iu
542 1766 656 1802 summa
675 1747 804 1802 omnium
823 1764 920 1802 rerum
934 1747 1038 1820 inopia,
1054 1747 1170 1803 circiter
1188 1765 1225 1805 nc

239 1837 302 1911 ejus
322 1836 445 1910 generis,
462 1831 547 1907 cujus
569 1852 657 1909 supra
679 1833 944 1901 demonstravimus,
959 1851 1057 1903 naves,
1073 1843 1101 1891 et
1123 1835 1226 1912 longas

237 1941 332 1982 xxvm
354 1924 462 1978 invenit
483 1924 646 1990 instructas,
662 1939 756 1995 neque
779 1923 902 1990 multum
923 1923 1022 1979 abesse
1044 1923 1080 1980 ab
1094 1942 1137 1993 ec,
1152 1927 1225 2000 quin

238 2014 338 2090 paucis
360 2012 461 2068 diebus
482 2011 586 2068 deduci
606 2021 730 2086 possent.
771 2011 950 2070 Collaudatis
969 2011 1115 2090 militibus,
1138 2024 1225 2089 atque

185 2107 225 2160 20
238 2103 274 2158 iia
295 2102 344 2178 qui
369 2102 483 2176 negotio
507 2099 700 2177 praefuerant,
721 2100 788 2174 quid
812 2101 875 2158 fieri
897 2101 966 2158 velit
979 2101 1115 2171 ostendit,
1138 2113 1224 2178 atque
1252 2145 1254 2150 -

236 2209 335 2248 omnes
350 2190 385 2246 ad
401 2199 513 2266 portum
536 2189 621 2247 Itium
642 2186 807 2247 convenire
816 2189 906 2264 jubet,
922 2209 978 2266 quo
999 2209 1036 2246 ex
1050 2200 1133 2266 portu
1147 2209 1222 2248 com-

236 2279 434 2336 modissimum
454 2280 492 2335 'in
520 2269 700 2338 Britanniam
727 2280 926 2338 transmissum
952 2298 1014 2336 esse
1041 2292 1222 2356 cognoverat,

237 2368 492 2428 circitermillium
513 2388 650 2444 passuum
670 2387 764 2428 xxxa
785 2365 953 2426 continenti?
992 2367 1071 2425 Huic
1092 2370 1134 2424 rai
1148 2369 1222 2444 quod

237 2459 307 2516 satis
321 2478 383 2516 esse
399 2460 494 2516 visum
513 2469 557 2516 est
578 2459 711 2528 militum,
734 2458 868 2532 reliquit:
890 2459 950 2533 ipsc
971 2475 1041 2514 cum
1063 2456 1223 2534 legionibus

185 2553 224 2607 25
237 2550 375 2626 expeditis
384 2567 425 2619 1v,
436 2561 464 2606 et
473 2550 617 2624 equitibus
626 2567 693 2606 neec
703 2548 732 2605 iu
741 2548 814 2607 fines
823 2537 1011 2606 Trevirorum
1023 2547 1221 2622 proficiscitur,

237 2639 312 2714 quod
327 2641 461 2714 hincque
476 2639 511 2696 ad
526 2638 649 2696 concilia
662 2638 823 2706 veniebant,
836 2655 929 2713 nequo
941 2636 1061 2712 imperio
1074 2636 1221 2710 parebant,

238 2729 456 2804 Germanosque
471 2728 708 2788 Transrhenanos
719 2727 873 2792 sollicitare
887 2725 1064 2783 dicebantur.

275 2816 328 2873 III.
352 2817 436 2872 Haec
450 2818 555 2874 civitas
569 2817 653 2892 louge
674 2815 831 2892 plurimum
853 2815 938 2871 totius
959 2811 1072 2871 Galliae
1093 2813 1222 2888 equitatu

236 2904 323 2970 valet,
352 2922 529 2978 magnasque
558 2906 644 2961 habet
671 2905 767 2979 copias
795 2903 932 2980 peditum,
961 2901 1162 2980 Rhenumque,
1191 2913 1222 2960 ut

133 3029 139 3042 .
185 2991 224 3044 30
236 3007 324 3064 supra
338 2989 601 3060 demonstravimus,
617 2995 716 3069 tangit.
759 2992 792 3050 In
806 3011 842 3049 ea
860 2993 976 3049 civitate
997 2991 1053 3048 duo
1067 2991 1102 3048 de
1117 2992 1220 3068 priuci-

236 3089 305 3153 patu
326 3078 400 3134 inter
414 3098 445 3134 se
466 3081 683 3151 contendebant,
699 3082 912 3142 Indutiomarus
933 3092 961 3140 et
981 3082 1163 3159 Cingetorix:
1185 3103 1222 3144 ex

235 3166 341 3241 quibus
356 3165 438 3234 alter,
454 3166 539 3223 simul
562 3178 647 3244 atque
668 3171 703 3226 de
724 3171 859 3229 Caesaris
879 3171 1082 3247 legionumque
1097 3172 1222 3230 adventu

212 3253 382 3329 ¹cognitum
407 3263 459 3324 est,
485 3253 518 3312 ad
545 3275 612 3312 eum
633 3260 728 3330 venit3
750 3279 782 3318 se
806 3279 930 3335 suosque
954 3279 1052 3318 omnes
1077 3262 1106 3317 in
1129 3259 1223 3320 officia
1276 3324 1282 3332 ,

237 3341 355 3410 futuros,
378 3361 472 3418 neque
497 3343 533 3400 ab
555 3346 682 3402 amicitia
704 3345 805 3422 Populi
827 3349 950 3406 Romani
965 3349 1135 3418 defecturos,
1155 3368 1220 3406 con-

185 3431 223 3486 35
236 3431 361 3489 firmavit
370 3451 379 3504 3
402 3449 536 3508 quaeque
557 3433 586 3488 in
601 3431 733 3492 Treviris
753 3447 932 3510 gererentur,
948 3437 1077 3494 ostendit.
1120 3438 1161 3494 At
1175 3437 1219 3495 In·

236 3520 414 3578 dutiomarus
434 3521 592 3596 equitatum
613 3520 827 3598 peditatumque
849 3543 962 3602 cogere,
984 3527 1085 3600 iisque,
1100 3527 1150 3600 qui
1171 3543 1222 3602 per

237 3619 359 3666 aetatem
380 3610 410 3666 in
435 3611 523 3666 armis
545 3629 606 3666 esse
628 3627 685 3666 non
705 3621 843 3684 poterant,
859 3615 889 3670 in
913 3614 1017 3672 silvam
1031 3613 1221 3670 Arduennam

237 3697 347 3766 abditis,
363 3717 438 3772 quae
459 3699 568 3773 ingenti
589 3699 785 3774 magnitudine
807 3721 858 3776 per
872 3703 980 3760 medios
1000 3703 1073 3760 fines
1087 3701 1221 3760 Treviro-

237 3799 303 3841 rum
316 3802 335 3840 a
354 3785 473 3842 flumina
495 3785 595 3844 Rheno
609 3787 645 3844 ed
658 3787 771 3846 initium
787 3789 945 3848 Remorum
966 3792 1097 3868 pertinet,
1112 3791 1222 3850 bellum
