2826 4336
188 288 247 346 tte
514 363 516 367 v
543 293 587 340 un
606 291 711 343 nanno
725 289 867 344 cennroo
1075 290 1230 346 [cracem

163 476 166 480 -
238 433 450 508 sequebantur;
474 413 599 500 Treuiri,
614 408 690 505 quod
705 429 827 486 aberant
839 428 964 505 longius,
978 436 1008 486 ct
1022 427 1059 486 ab
1073 427 1232 488 Germania

239 522 456 599 premebantur:
477 538 553 596 quae
575 518 628 576 fuit
650 537 749 587 causa,
765 536 856 593 quare
878 527 935 575 toto
956 518 1091 580 abessent,
1103 517 1187 588 bello,
1201 528 1233 578 et

238 611 348 670 neutris
370 611 480 668 auxilia
502 610 656 666 mitterent.
699 605 806 684 Magno
828 606 925 666 dolore
948 606 1045 664 Aedui
1071 605 1177 676 serunt,
1199 626 1231 664 se

238 699 362 774 dejectos
385 700 570 775 principatup
591 706 755 773 queruntur
778 693 910 754 fortunae
924 697 1188 768 commutationem,
1203 707 1232 754 et

206 797 225 853 5,
238 785 371 849 Caesaris
381 789 591 866 indulgentiam
603 786 633 844 in
643 805 675 844 se
688 786 858 861 requirunt3
875 803 969 861 neque
979 794 1087 856 tamen,
1097 795 1233 862 suscepto

238 877 323 948 bello,
337 897 423 938 suum
447 877 600 942 consilium
622 876 659 932 ab
681 876 800 952 reliquis
820 890 955 951 separare
975 874 1092 932 audent.
1145 875 1232 934 Inviti

208 1041 212 1048 Ι
238 984 370 1026 summae
391 969 452 1044 spei
473 967 678 1034 adolescentes,
694 963 873 1041 Eporedorix
888 975 918 1022 et
930 963 1141 1034 Viridomarus,
1156 963 1231 1022 Ver-

238 1057 411 1134 cingetorigi
426 1065 537 1134 parent.

279 1145 390 1204 LXIV.
433 1146 486 1206 llla
499 1147 623 1221 imperat
636 1143 757 1220 reliquis
771 1143 939 1202 civitatibus
952 1143 1084 1202 obsident
1106 1143 1232 1220 danique

191 1247 227 1304 ιο
240 1237 267 1296 ei
282 1238 324 1296 rei
339 1237 485 1298 constituit
499 1236 594 1294 diem:
616 1235 675 1292 huc
688 1253 788 1292 omnes
801 1234 922 1310 equites,
938 1247 979 1292 xv
994 1231 1088 1294 millia
1099 1251 1230 1304 numero,

240 1327 375 1388 celeriter
402 1327 557 1386 convenire
580 1325 664 1402 jubet
676 1344 686 1398 ;
719 1323 862 1393 Pedit'atu,
884 1337 973 1399 quem
997 1335 1063 1382 ante
1088 1323 1231 1394 habuerit,

206 1425 208 1430 '
239 1437 271 1476 se
286 1417 346 1477 sore
360 1415 629 1476 contentumdicit:
652 1431 745 1490 neque
765 1411 909 1470 iomanem
924 1421 1112 1482 tentaturum,
1127 1423 1179 1470 aut
1201 1414 1233 1470 in

241 1508 304 1566 acie
318 1507 545 1577 dimicaturum
566 1504 626 1573 sed,
640 1504 777 1579 quoniam
792 1501 918 1563 abundet
938 1503 1078 1578 equitatu,
1093 1501 1232 1580 perfacile

239 1615 303 1658 mse
338 1595 427 1666 sactu,
455 1593 728 1653 frumentationibus
761 1593 1052 1669 pabulationibusque
1087 1593 1233 1650 Romaene

190 1693 227 1750 lb
240 1685 408 1759 prohibere:
431 1703 523 1759 aequo
537 1683 619 1740 modo
634 1683 797 1740 animosus
811 1684 866 1759 ipsi
881 1682 1026 1742 frumenta
1035 1693 1231 1759 corrumpant,

240 1772 430 1848 aedificiaque
444 1772 608 1839 incendant,
623 1771 738 1845 querci
754 1769 907 1833 familiaris
924 1773 1041 1849 jactura
1061 1782 1232 1848 perpetuum

213 1899 216 1906 ·
240 1859 394 1936 imperium
405 1861 625 1934 libertatemque
639 1879 670 1916 se
685 1863 823 1936 consequi
833 1862 962 1920 videant.
1005 1862 1060 1920 His
1071 1863 1233 1920 constitutis

157 2001 161 2007 .
237 1950 336 2019 rebus,
351 1948 465 2008 Aeduis
479 1947 715 2026 Segusiauisque,
730 1950 781 2025 qui
801 1961 869 2010 sunt
890 1952 1004 2012 finitimi
1020 1951 1233 2022 Provinciam

216 2109 220 2116 Ι
240 2038 333 2098 millia
348 2038 475 2115 peditum
490 2041 629 2116 imperat:
653 2039 711 2098 huc
723 2039 804 2097 addit
818 2043 931 2118 equites
952 2061 1032 2100 ncnc.
1074 2041 1130 2100 His
1151 2059 1231 2117 prae-

188 2135 228 2190 20
242 2128 310 2188 fecit
332 2128 451 2186 fratrem
473 2129 686 2207 Eporedorigis,
709 2129 880 2208 bellumque
900 2130 1007 2190 inferre
1028 2130 1232 2208 Allobrogibus

237 2219 330 2294 jubet.
373 2217 477 2280 Altera
491 2239 528 2279 arr
542 2229 623 2297 parte
634 2220 762 2280 Gabalos
771 2222 973 2298 proximosque
985 2229 1073 2300 peges
1085 2223 1231 2282 Arverno·

240 2327 307 2368 runt
320 2309 350 2368 in
365 2307 495 2386 Helvios,
506 2312 575 2368 itam
590 2311 720 2370 Rutenos
726 2311 938 2387 Cadurcosque
947 2311 983 2370 ad
993 2311 1232 2386 finesVolearunr

158 2445 161 2448 -
241 2400 481 2461 Arecomicorum
493 2399 707 2478 depopulandos
716 2401 811 2460 mittit.
835 2399 1034 2468 Nihilominus
1045 2399 1233 2460 clandestinis

239 2492 356 2550 nunciis
370 2482 620 2568 legationibusque
633 2491 809 2568 Allobrogas
822 2491 966 2560 sollicitat,
981 2509 1105 2567 quorum
1122 2501 1233 2553 mentes

188 2589 227 2644 25
241 2583 368 2642 nondum
382 2582 418 2640 ab
432 2582 580 2658 superiore
595 2581 671 2640 ballo
683 2581 825 2638 resedisse
839 2582 983 2656 sperabat.
1026 2579 1141 2640 Horum
1156 2583 1231 2657 prin·
1246 2601 1251 2609 ·

234 2674 354 2757 ¹cipibus
377 2674 526 2748 monnica,
542 2672 651 2730 civitati
674 2682 771 2732 autern
793 2672 948 2747 imperium
962 2672 1048 2728 totius
1061 2671 1232 2732 Provinciae

241 2763 403 2838 pollicetur.
517 2812 519 2816 .

252 2876 255 2882 ·
280 2852 376 2910 LXV.
399 2853 448 2910 Ad
462 2853 513 2910 hos
527 2871 626 2911 omncs
640 2866 725 2913 casus
740 2852 855 2929 provisa
866 2861 949 2910 erant
968 2851 1113 2927 praesidia
1133 2853 1231 2912 cohor·

240 2940 321 2996 tium-
333 2940 457 2998 duarum
478 2951 506 2997 et
520 2943 634 3017 viginti,
648 2960 724 3017 quae
745 2960 781 3000 ax
806 2941 869 3018 ipsa
888 2950 995 2999 coacta
1019 2939 1171 2999 Provincia
1196 2943 1233 2999 ab

188 3032 228 3086 30
241 3027 278 3085 Lt
293 3028 419 3084 Caesare
439 3029 534 3104 legato
557 3031 592 3091 ad
614 3048 714 3090 ornnes
736 3041 832 3107 partes
853 3031 1079 3107 opponebantur.
1122 3030 1231 3102 Helvii,

241 3133 294 3172 sua
311 3124 408 3189 sponte
428 3133 495 3172 curn
517 3118 647 3176 finitimis
666 3121 775 3194 proelio
793 3121 951 3196 congressi,
972 3119 1130 3196 pelluntur,
1152 3130 1181 3178 et
1195 3121 1231 3178 C.

240 3203 365 3270 Valerio,
375 3201 549 3274 Donotauro,
565 3207 674 3264 Caburi
689 3208 757 3278 filio,
773 3209 902 3285 principe
921 3209 1058 3279 civitatis,
1072 3209 1217 3285 compluri

241 3293 352 3368 busque
367 3293 431 3350 aliis
445 3292 612 3363 lnterfectis,
628 3296 704 3353 intra
717 3299 821 3374 oppida
834 3316 990 3374 murosque
1004 3299 1231 3374 compelluntur.

241 3381 422 3458 Allobroges,
434 3381 544 3440 crebris
558 3381 593 3439 ad
609 3383 781 3442 Rhodanum
796 3387 940 3464 dispositis
953 3388 1112 3464 praesidiis,
1125 3407 1234 3465 magna

189 3477 227 3532 ab
240 3489 309 3530 cum
323 3489 396 3528 cura
409 3481 438 3528 et
451 3469 601 3547 diligentia
615 3491 683 3530 suos
693 3474 766 3530 fines
775 3484 902 3534 tuentur
945 3477 1055 3534 Caesar
1056 3477 1159 3552 ,quod
1169 3477 1232 3536 hos·

209 3571 283 3620 tes
297 3561 426 3636 equitatu
440 3561 602 3636 superiores
616 3579 680 3619 esse
699 3562 887 3640 intelligebat,
901 3573 940 3635 et,
956 3566 1123 3624 interclusis
1141 3568 1233 3624 omni·

241 3650 295 3708 bus
313 3651 472 3718 itineribus,
488 3649 570 3708 nulla
590 3670 621 3709 re
641 3670 677 3714 ex
700 3651 854 3710 Provincia
872 3662 959 3729 atque
979 3653 1064 3712 Italia
1083 3654 1233 3714 sublevari

240 3747 358 3810 poterat,
373 3747 454 3796 uana
468 3739 626 3798 Rhenum
617 3759 648 3798 m
663 3741 853 3800 Germaniam
867 3743 953 3800 mittit
972 3744 1008 3800 ad
1022 3761 1074 3802 eas
1080 3743 1232 3815 civitates,

239 3839 314 3894 quas
326 3827 621 3902 mperiorihusannis
634 3838 800 3904 pacaverat,
815 3830 985 3905 equitesque
998 3833 1037 3889 ab
1049 3833 1095 3890 his
1110 3835 1234 3893 amessa
