2826 4336
168 315 229 382 126
519 328 562 376 nn
581 327 686 376 senso
704 325 847 372 eunuco
1093 323 1204 378 rcum

216 474 278 527 arat
292 465 383 536 nulla,
398 483 473 541 quae
484 483 602 542 parvam
614 463 697 523 modo
707 482 826 522 oausam
838 461 947 519 timoris
959 459 1085 519 afferret.
1107 461 1205 522 Trans

216 551 352 610 Rhenum
367 555 402 611 ad
417 555 579 612 Germanos
592 554 722 629 pervenit
736 552 822 620 fama,
837 551 922 626 diripi
943 549 1103 620 Eburones,
1119 561 1205 627 atque

216 643 292 700 ultro
301 661 400 701 omues
411 643 446 702 ad
458 643 594 719 praedam
604 641 730 700 evocari.
771 640 885 718 Cogunt
899 640 1029 714 equitum
1043 639 1100 698 duo
1113 641 1205 698 millia
1255 699 1258 704 Δ

214 730 369 806 Sigambri,
384 731 514 808 quisunt
528 731 649 808 proximi
664 729 775 798 Rheno,
791 747 808 786 a
822 727 927 804 quibus
941 737 1070 804 receptos
1083 748 1120 786 ex
1135 727 1207 804 luga

183 811 416 880 dTenohtheros
444 830 530 896 atque
564 819 697 894 Usipetes
731 835 819 894 supra
852 817 1021 874 docuimus:
1055 827 1206 876 transeunt

215 907 351 966 Rhenum
375 910 498 972 navibus
525 908 700 982 ratibusque,
725 923 786 964 xxx
813 905 940 962 millibus
968 924 1105 981 passuum
1128 904 1206 964 infra

214 1015 282 1054 eum
317 997 423 1068 locum,
459 997 508 1054 ubi
542 1014 612 1072 pons
626 1005 689 1052 erut
722 993 875 1070 perlectus,
902 993 1133 1069 praesidiumque
1168 995 1204 1055 ab

214 1085 341 1144 Caesare
355 1086 507 1144 relictum:
523 1085 630 1160 primos
639 1083 811 1142 Eburonum
825 1083 899 1140 fines
913 1081 1036 1154 adeunt3
1049 1081 1157 1142 multos
1167 1101 1202 1140 ex

215 1171 285 1250 fuga
299 1173 440 1250 dispersos
454 1173 621 1249 excipiunt3
645 1191 750 1248 magno
764 1173 875 1248 pecoris
889 1190 1018 1242 numero,
1033 1171 1118 1247 cujus
1137 1181 1206 1230 suut

164 1267 202 1322 10
215 1261 395 1337 cupidissimi
410 1263 534 1331 barbari,
550 1263 706 1338 potiuntur.
748 1260 863 1320 Invitati
884 1261 1000 1338 praeda,
1014 1259 1129 1338 longius
1143 1279 1205 1338 pro-

214 1351 331 1410 cedunt.
372 1352 441 1410 Non
463 1352 514 1409 hos
537 1352 627 1426 palus,
643 1351 673 1406 iu
696 1351 771 1406 bello
792 1351 1008 1426 latrociniisque
1035 1359 1124 1419 natos,
1148 1368 1206 1408 nou

214 1440 306 1498 silvae
320 1451 487 1498 morantur:
508 1439 613 1514 quibus
626 1440 656 1494 in
670 1439 741 1496 locis
755 1439 791 1494 sit
804 1438 922 1506 Caesar,
937 1457 973 1496 ex
988 1439 1110 1514 captivis
1118 1455 1205 1513 quae-

215 1538 303 1600 runt3
336 1528 495 1604 profectum
526 1528 640 1603 longius
670 1527 826 1601 reperiunt,
848 1544 1020 1602 omnemque
1046 1528 1206 1585 exercitum
1303 1566 1305 1570 -
1409 1567 1410 1574 ι

214 1617 379 1674 discessisse
393 1626 579 1693 cognoscunt.
622 1617 720 1689 Atque
733 1633 811 1670 unus
832 1633 868 1672 ex
889 1617 1029 1690 captivis:
1052 1616 1132 1681 Quid
1146 1635 1205 1686 vos,
1257 1641 1261 1643 >

164 1707 202 1762 1-5
214 1704 315 1778 iuquit,
331 1705 406 1761 hanc
421 1705 555 1761 miseram
576 1721 611 1759 ac
631 1712 748 1758 tenuem
769 1703 919 1758 sectemini
940 1701 1086 1776 praedam,
1101 1706 1207 1780 quibus

214 1791 283 1848 licet
306 1793 367 1866 jam
395 1811 458 1848 esse
485 1789 737 1847 fortunatissimisi
780 1789 889 1846 Tribus
917 1789 994 1851 horis
1018 1790 1207 1852 Aduatucam

214 1881 312 1938 venire
323 1879 452 1954 potestis:
465 1879 523 1936 huc
532 1895 630 1935 ornnes
638 1895 707 1933 suas
716 1875 845 1934 fortunas
853 1877 999 1934 exercitus
1008 1877 1208 1940 &manorum

213 1967 353 2026 contulit:
376 1966 510 2042 praesidii
534 1975 644 2022 tantum
669 1975 721 2034 est,
746 1977 776 2022 ut
798 1983 835 2021 ne
860 1981 961 2023 murus
985 1966 1102 2042 quidem
1126 1971 1207 2048 cingi

214 2057 309 2131 possit,
338 2073 433 2130 neque
461 2055 614 2130 quisquam
645 2053 752 2130 egredi·
773 2063 856 2110 extra
886 2055 1059 2113 munitiones
1088 2057 1205 2116 audeat.

163 2149 201 2210 20
215 2144 320 2202 Oblata
333 2163 392 2218 spe,
407 2142 556 2212 Germani,
570 2161 659 2217 quam
679 2129 757 2200 nacti
777 2151 860 2199 erant
881 2141 1027 2218 praedam,
1043 2144 1072 2201 in
1091 2147 1207 2208 occulto

215 2232 402 2308 relinquunt3
425 2233 479 2308 ipsi
504 2231 691 2291 Aduatucam
716 2229 899 2301 contendunt,
925 2232 969 2289 usi
997 2233 1097 2291 eodem
1121 2233 1206 2305 duce,

214 2323 301 2397 cujus
314 2323 387 2379 haec
400 2321 506 2380 iudicio
519 2331 723 2398 cognoverant.
752 2356 757 2366 ·

257 2409 397 2470 XXXVI.
419 2411 531 2480 Cicero,
545 2411 596 2486 qui
610 2428 662 2486 per
675 2427 774 2468 omues
794 2408 958 2484 superiores
971 2408 1032 2468 dies
1047 2413 1207 2488 praeceptis

215 2499 356 2560 caesaris*
373 2518 487 2558 summa
510 2498 658 2576 diligentia
679 2498 785 2556 milites
799 2498 829 2556 ia
843 2499 946 2556 castris
960 2501 1156 2570 continuisset,
1171 2519 1207 2558 ac

163 2595 203 2650 25
215 2608 253 2650 ne
264 2590 395 2648 calonem
403 2589 520 2665 quidem
529 2599 694 2664 quenquam
705 2596 787 2644 extra
798 2587 986 2644 munitionem
996 2588 1095 2664 egredi
1104 2607 1207 2664 passus

216 2690 300 2748 asset,
309 2680 429 2756 septimo
442 2678 488 2736 die
502 2676 642 2746 diffidens,
652 2677 688 2734 de
699 2693 819 2732 numero
829 2675 940 2732 dierum
952 2674 1107 2734 Caesarem
1121 2676 1207 2734 fidem

215 2777 408 2836 servaturum,
423 2765 499 2841 quod
519 2765 635 2842 longius
655 2783 723 2822 eum
745 2782 929 2840 progressum
950 2763 1093 2833 audiebat,
1113 2783 1207 2842 neque

216 2855 278 2912 ulla
291 2855 327 2910 de
342 2856 406 2928 ejus
419 2854 513 2911 reditu
535 2853 612 2911 lama
633 2853 824 2923 afferebatur3
848 2851 933 2908 siqu
949 2870 1047 2913 eorum
1062 2862 1207 2928 permotus

216 2941 345 3009 vocibus,
359 2942 410 3014 qui
424 2941 503 2997 illius
517 2943 683 3016 patientiam
702 2959 775 3017 pene
799 2941 992 2999 obsessionem
1015 2941 1206 3016 appellabant,

163 3035 203 3090 8⁰
216 3028 358 3102 siquidem
382 3045 418 3084 ex
446 3030 548 3086 castris
571 3029 671 3106 egredi
697 3047 754 3088 non
779 3029 900 3101 liceret;
929 3025 1043 3084 nullum
1067 3029 1207 3102 ejusmodi

216 3127 318 3173 casum
329 3126 508 3190 exspectans,
518 3133 583 3191 quo,
594 3135 698 3174 novem
708 3118 841 3194 oppositis
851 3116 1011 3194 legionibus
1025 3117 1206 3192 maximoque

217 3203 355 3278 equitatu,
371 3202 506 3277 dispersis
527 3223 562 3262 ac
582 3223 655 3279 pene
677 3205 778 3266 deletis
800 3205 935 3273 hostibus,
951 3203 979 3260 in
1002 3203 1129 3260 millibus
1143 3223 1206 3280 pas-

215 3309 304 3350 suum
327 3308 361 3348 111
385 3289 489 3349 offendi
513 3301 624 3367 posset3
647 3295 775 3368 quinque
799 3295 930 3351 cohortes
951 3291 1156 3350 frumentatum
1177 3293 1207 3350 in

216 3380 361 3458 proximas
374 3388 487 3456 segetes
500 3379 586 3448 misit,
595 3398 668 3454 quas
682 3381 756 3438 inter
765 3391 793 3438 et
804 3391 900 3439 castra
911 3399 987 3438 uuus
997 3379 1112 3438 omnino
1125 3380 1208 3439 collis

164 3471 364 3532 adintererat.
406 3466 576 3543 Complures
600 3477 683 3525 erant
706 3470 736 3524 iu
760 3471 864 3528 castris
887 3487 923 3527 ex
944 3468 1105 3546 legionibus
1127 3471 1209 3546 aegri

214 3559 331 3630 relicti3
354 3557 519 3633 exquibus,
533 3556 584 3632 qui
598 3555 652 3612 boc
666 3557 755 3630 spatio
769 3557 882 3616 dierum
896 3556 1114 3626 convaluerant,
1123 3557 1207 3614 circi-

216 3655 260 3704 ter
273 3665 323 3704 coc
334 3646 388 3704 sub
397 3645 504 3702 vexillo
515 3663 574 3702 una
585 3644 754 3712 mittuntur:
769 3663 876 3721 magna
890 3654 1041 3721 praeterea
1055 3644 1209 3703 multitudo

216 3734 361 3803 calonum,
376 3751 483 3810 magua
497 3734 541 3791 vis
559 3734 765 3809 jumentorum,
779 3751 855 3809 quae
868 3733 899 3790 iu
912 3731 1016 3792 eastris
1029 3733 1207 3804 subsederat,

149 3846 153 3854 ·
218 3818 455 3899 iactspotestste,
469 3823 611 3898 sequitur.
