2804 4312
167 283 319 364 cn.1s-te.}
560 281 657 334 um
675 283 821 334 Tuam
1173 277 1215 338 8⁸
1267 237 1279 248 β

166 423 339 494 tenderunt3
371 436 407 480 eo
425 420 489 496 jem
509 417 656 480 murenis
677 423 708 481 ln
730 442 797 484 enm
820 434 931 502 perlem
952 425 1084 495 mribun
1105 443 1163 502 quo

166 522 270 572 ventus
283 511 406 581 ierebet,
422 520 502 569 unte
520 511 615 570 subito
635 513 760 571 meleeie
781 533 817 573 ue
837 513 1032 591 tanquillitas
1044 514 1161 584 exstitit,

167 612 197 662 ut
209 622 242 662 se
256 621 293 661 ex
308 601 374 659 loeo
388 619 506 658 morere
525 619 582 660 non
596 613 720 678 possent.
762 603 849 669 Quae
869 605 987 682 quidem
1001 586 1048 662 rbs
1062 603 1098 662 od
1111 624 1161 663 ne·

166 693 275 771 gotium
290 689 505 750 oontioiendum
526 692 652 749 menime
673 690 727 750 suit
745 704 920 770 opportune:
941 713 1009 752 nem
1030 693 1162 772 singulus

166 784 253 841 nostri
276 781 435 840 oonseoteti
457 791 706 858 expugnaverunt,
727 792 759 840 ut
781 801 945 860 perpaucae
964 785 1093 842 exomni
1107 789 1192 844 nub

167 890 254 942 rnero,
269 871 362 930 noetis
375 873 549 941 interventu,
565 869 601 928 ud
615 880 725 930 terrem
734 875 926 952 pervenerint,
938 893 1028 951 quum
1042 875 1080 932 eb
1090 874 1161 934 bore

167 961 226 1020 iere
241 971 347 1038 querte
360 980 452 1037 usque
464 960 499 1018 sd
512 960 581 1018 solis
594 979 732 1020 oooesum
746 973 934 1040 pugnaretur.

207 1051 289 1110 xvl,
311 1051 380 1117 Quo
401 1048 511 1128 proelio
533 1049 643 1108 bellum
657 1051 838 1110 Venetorum
859 1054 1003 1130 totiusque
1016 1073 1085 1112 oreo
1100 1071 1160 1111 me·

167 1142 280 1200 ritimee
293 1139 460 1200 eonfeotum
473 1149 527 1198 est.
568 1139 658 1211 Nem,
673 1159 766 1218 quum
786 1141 879 1200 omnis
898 1142 1048 1217 juventus,
1062 1159 1162 1199 omnes

167 1231 253 1290 etiem
267 1231 410 1308 gravioris
425 1230 536 1300 aetatis,
551 1230 702 1306 inquibus
718 1229 827 1306 aliquid
843 1230 956 1288 consilii
970 1241 1022 1288 eut
1040 1230 1161 1306 dignite-
1177 1233 1215 1290 10

15 1297 17 1376 l
41 1331 50 1344 '
167 1323 202 1382 tis
220 1321 284 1392 fuit,
299 1340 334 1380 eo
354 1329 569 1393 convenerunt3
591 1329 665 1389 tum,
687 1320 807 1376 nuvium
830 1319 907 1396 quod
929 1319 1037 1395 ubique
1058 1317 1162 1388 fueret,

167 1411 312 1469 nnumin
336 1409 434 1468 loourn
455 1419 628 1488 coegerant:
653 1409 761 1486 quibus
783 1408 906 1478 emissis,
931 1408 1047 1484 reliqui,
1069 1425 1163 1484 neque

167 1521 223 1578 quo
237 1521 268 1560 se
284 1501 455 1578 reciperent,
470 1517 565 1576 nequo
586 1497 830 1575 quemadmodum
850 1497 953 1575 oppida
967 1495 1162 1568 defenderent,

168 1592 321 1650 hebebant.
363 1590 464 1666 ltuque
479 1609 510 1648 se
531 1609 643 1666 sueque
658 1581 755 1648 omnia
774 1589 895 1647 Caesari
908 1587 1087 1648 dediderunt.
1129 1587 1162 1647 In

167 1701 238 1758 quos
251 1700 286 1739 eo
306 1681 426 1760 gravius
446 1679 557 1738 Ceeser
572 1678 776 1738 vindioendum
795 1679 976 1754 statuitque
996 1677 1162 1756 diligentius
1177 1678 1213 1742 lt

168 1773 197 1828 in
211 1772 357 1848 reliquum
376 1780 490 1846 tempus
503 1787 522 1827 s
535 1769 665 1828 berberis
682 1769 733 1845 jus
754 1769 917 1846 legatorum
931 1778 1161 1829 eouserveretur.

168 1859 278 1937 ltaque,
292 1861 371 1918 omni
385 1869 488 1918 senetu
503 1869 615 1929 neceto,
631 1859 759 1936 reliquos
773 1859 828 1917 sub
841 1877 949 1917 eorone
963 1858 1100 1918 vendidit.

207 1948 304 2010 XVII.
326 1948 406 2008 Dum
422 1951 497 2007 heeo
508 1950 538 2006 in
548 1946 670 2008 Venetis
684 1958 835 2026 geruntur,
845 1947 884 2016 Q.
893 1948 1027 2007 Titurius
1036 1947 1163 2008 Sabinu·

167 2059 236 2098 oum
250 2041 286 2099 iis
295 2034 399 2117 'oopiis,
414 2057 488 2116 ques
502 2058 520 2096 e
534 2037 660 2097 Caesare
682 2047 843 2116 oooeperet,
859 2039 888 2096 in
902 2039 975 2096 lines
989 2037 1162 2098 Unellorurn

169 2130 310 2207 pervenit.
351 2128 408 2187 His
422 2138 556 2205 praeerat
570 2127 731 2199 Viridovix,
743 2148 779 2187 uo
793 2146 937 2186 nummum
951 2127 1064 2205 imperii
1083 2137 1161 2186 tene·
1172 2125 1214 2188 20

168 2221 216 2278 bet
237 2237 340 2278 esrum
360 2219 490 2277 omnium
514 2219 675 2288 civitatum,
697 2227 772 2294 quee
796 2217 972 2289 defecerant,
996 2237 1032 2300 er
1057 2218 1163 2293 quibus

169 2311 330 2368 exereitum
353 2327 533 2386 magnusque
557 2307 655 2385 oopies
683 2317 830 2387 coegerat.
872 2309 972 2384 Atque
993 2307 1040 2367 bis
1062 2307 1164 2384 peuoie

168 2399 269 2458 diebus
278 2400 404 2458 Aulerci
413 2398 603 2469 Eburovices,
615 2397 805 2474 Lexouiique,
820 2408 923 2456 senatu
936 2415 989 2454 suo
1003 2395 1162 2466 interfecto,

169 2490 244 2566 quod
267 2501 401 2548 suctores
421 2488 490 2546 belli
511 2507 575 2548 esso
597 2488 743 2558 nolebant,
764 2497 861 2564 portes
881 2485 1059 2554 clauserunt,
1074 2503 1163 2560 seque
1254 2476 1258 2485 '

168 2599 238 2639 oum
260 2580 428 2638 Viridovice
451 2580 683 2656 conjunxerunt3
707 2593 872 2654 magnaque
896 2583 1047 2652 praetereo
1068 2573 1215 2636 multi-20

167 2671 236 2730 tudo
261 2669 389 2746 undique
413 2687 450 2728 ex
476 2669 574 2728 Gallie
595 2668 772 2746 perditorum
792 2665 941 2724 bominum
961 2663 1163 2739 latronumque
1234 2693 1237 2704 ·

169 2769 373 2830 convenerunt,
399 2778 471 2836 quos
491 2777 558 2836 spes
580 2756 738 2835 praedendi
765 2754 954 2830 studiumque
976 2746 1103 2812 bellandi
1127 2753 1164 2812 eb

169 2841 351 2929 ug'rioulture
363 2859 393 2906 et
406 2848 571 2925 quotidiano
590 2848 688 2906 labore
711 2844 875 2904 revooebet.
917 2843 1043 2902 Sabinus
1063 2841 1164 2904 idoneo

169 2941 301 2999 omuibus
315 2940 402 2997 rebus
415 2939 479 2997 looo
493 2938 596 2996 nestris
609 2957 672 2995 sese
686 2935 809 3006 tenebat,
825 2953 917 3012 quum
931 2933 1082 2993 Viridovix
1096 2951 1162 2994 oon·

169 3041 214 3090 tre
234 3049 304 3088 eum
328 3029 420 3087 duum
441 3027 567 3086 millium
585 3027 677 3104 spetio
697 3025 881 3096 oonoedisset,
896 3025 1079 3102 quotidieque
1099 3043 1162 3104 pro·
1176 3031 1215 3087 ³⁰

169 3120 264 3179 duotis
277 3120 368 3196 oopiis
387 3117 536 3196 pugnendi
556 3126 725 3193 potestatem
739 3114 856 3186 feneret,
872 3124 905 3173 ut
922 3115 984 3192 jem
998 3134 1055 3174 non
1068 3117 1163 3176 solum

169 3211 298 3270 hostibus
312 3210 342 3266 in
356 3207 594 3285 oontemptionem
608 3205 734 3264 Sabinus
748 3205 868 3276 veniret,
883 3205 933 3263 sed
947 3207 1036 3264 etiem
1056 3216 1162 3266 nostro·

170 3320 236 3360 rum
250 3300 376 3359 militum
389 3299 509 3358 vocibus
522 3296 652 3356 nonnihil
665 3308 853 3374 oerperetur:
874 3306 1042 3373 tentumque
1056 3297 1162 3372 opinio·
1281 3341 1285 3348 .

169 3409 237 3449 nem
258 3391 369 3449 timoris
389 3387 530 3466 praebuit,
554 3397 586 3446 ut
606 3388 668 3464 jorn
691 3387 725 3446 ed
749 3387 860 3446 vellum
884 3397 1045 3445 nestrorum
1069 3385 1165 3442 bootes

170 3479 309 3540 eooedere
325 3479 474 3538 auderent.
516 3476 549 3536 ld
563 3496 599 3536 ee
612 3477 647 3535 de
658 3496 749 3536 oense
763 3476 897 3545 seniebat,
912 3474 988 3551 qnod
1002 3489 1071 3528 oum
1084 3479 1164 3528 tante
1176 3475 1215 3534 36

170 3569 354 3628 multitudine
368 3569 501 3638 hostium,
516 3568 684 3644 praesertim
698 3585 733 3624 eo
746 3567 873 3633 absente,
888 3563 939 3638 qui
953 3575 1097 3619 summam
1111 3559 1163 3616 im.

170 3659 243 3736 perii
263 3668 383 3730 teneret,
397 3659 454 3716 nisi
476 3675 567 3734 nequo
579 3656 651 3726 loeo,
674 3665 724 3713 eut
744 3651 954 3730 opportunitate
975 3645 1075 3720 eliqua
1087 3645 1163 3719 dete,

170 3749 266 3828 legero
278 3749 476 3809 dinrioeodum
490 3767 547 3808 noo
561 3747 754 3808 existimabat.

212 3836 323 3900 xvnl.
346 3839 415 3900 Heo
433 3839 605 3902 oondrmete
625 3835 759 3914 opinione
780 3829 899 3901 timoris,
921 3827 1056 3888 munt
1075 3839 1165 3908 qute-
