2826 4336
205 287 268 346 Ill
504 371 507 378 .
559 299 603 348 DE
621 299 727 348 anuto
746 297 888 349 GALLICO
1125 301 1247 357 ,iiluna

254 438 413 499 oohortium
426 457 448 498 v
462 438 672 516 impedimentis
692 437 801 508 relioto,
814 457 886 498 omn
907 455 968 496 xxv
980 437 1147 498 roboratus
1167 459 1248 518 rnsg.

253 543 347 602 noque
361 529 491 604 equitatu
505 538 605 587 eontra
619 529 728 586 bostem
742 528 944 604 profioisoitur,
960 537 998 598 et,
1012 528 1093 586 mille
1108 548 1247 604 passuum

253 616 414 676 intermisso
437 619 536 696 spado,
558 629 655 676 eastre
675 619 845 684 eommunia
888 617 961 674 Erat
986 618 1060 674 iuter
1082 616 1246 682 Labienum

253 715 338 782 atque
359 707 469 768 bostem
488 707 601 766 difficili
623 709 747 766 transitu
770 707 888 777 flumen,
914 707 1041 783 ripisque
1065 709 1244 785 praeruptis:

220 793 306 854 thoe
319 813 414 872 neque
427 799 489 874 ipse
502 797 625 856 transire
640 797 763 856 babebat
783 798 814 854 in
835 797 939 868 animo,
950 815 1046 872 neque
1059 797 1154 856 boues
1168 808 1244 866 tren.

251 886 357 945 eituros
379 889 571 946 exisdmsbat.
614 887 788 964 Augebatur
815 886 992 944 auxiliorum
1013 887 1139 961 quotidie
1166 905 1244 962 spes.

251 974 394 1054 Loquitur
407 979 438 1036 iu
452 978 572 1037 oonsilio
583 978 692 1054 palam,
703 976 850 1042 Quoniam
865 975 1005 1034 Gennani
1016 976 1244 1051 appropinquare

249 1065 392 1136 dieantur,
404 1085 468 1126 sese
478 1085 548 1126 suas
557 1067 761 1142 exercitusque
772 1065 900 1136 inmunes
910 1067 940 1124 in
954 1064 1073 1125 dubium
1087 1083 1144 1122 non
1157 1065 1244 1124 dovo-

251 1167 395 1226 ortorum,
407 1167 435 1216 et
449 1168 560 1234 postero
568 1157 614 1214 die
625 1158 718 1234 prima
728 1157 796 1214 lnoe
806 1165 903 1214 eastra
914 1162 1067 1214 moturum.
1101 1153 1245 1214 Celeriter

201 1245 238 1302 lu
251 1245 325 1305 liaeo
339 1247 374 1306 atl
388 1235 483 1306 hostei
498 1247 675 1316 deferuntur,
691 1255 722 1304 ut
740 1265 777 1304 ex
799 1264 904 1322 magno
924 1243 1076 1302 Gallorum
1097 1245 1245 1320 equitatus

250 1353 371 1395 numero
405 1337 558 1395 nonnullos
586 1336 711 1394 Gallicis
738 1336 825 1394 rebus
853 1335 951 1393 terere
978 1343 1084 1396 natura
1111 1333 1242 1410 cogebat.

250 1423 398 1484 Labienus
412 1437 508 1497 noctu,
520 1427 643 1484 tribunis
653 1426 776 1484 militum
791 1425 948 1502 primisque
960 1424 1111 1485 ordinibus
1123 1425 1242 1495 coeatis,

249 1517 317 1590 quid
333 1517 379 1574 sui
393 1517 429 1574 sit
442 1517 564 1584 omsilii,
580 1516 717 1590 proponit,
732 1525 761 1571 et
773 1533 831 1589 quo
848 1511 964 1572 facilius
984 1513 1115 1573 hostibus
1134 1515 1244 1574 timoris

249 1603 296 1660 det
322 1605 524 1679 suspicionem,
546 1605 655 1679 majore
679 1603 799 1677 strepitu
822 1612 851 1658 et
870 1601 1008 1670 tumultu,
1030 1621 1118 1678 quam
1140 1603 1243 1680 Populi

200 1695 235 1749 lb
249 1691 373 1748 Romani
403 1691 458 1750 fert
486 1691 671 1760 consuetudo,
693 1700 788 1748 castre
812 1691 921 1748 moveri
942 1690 1035 1765 jubet.
1079 1691 1135 1750 His
1156 1693 1243 1753 rebus

248 1780 335 1857 fugae
349 1781 474 1841 similem
488 1779 692 1856 profectionem
713 1778 811 1835 efficit.
853 1777 939 1838 Haeo.
949 1795 1065 1854 quoque
1079 1799 1132 1854 per
1145 1782 1243 1857 explo-

247 1880 356 1926 ratores
370 1879 436 1925 anto
451 1869 557 1937 Iuoem,
571 1867 602 1924 in
616 1876 697 1924 tanta
710 1866 918 1942 propinquitate
939 1875 1110 1936 nostrorum,
1126 1869 1163 1926 ad
1178 1870 1242 1931 hos

247 1967 291 2016 tes
304 1957 483 2015 deseruntur.
924 2001 927 2008 .
1113 2021 1115 2029 s
1214 1998 1219 2006 ,

286 2046 368 2106 VIII.
391 2045 451 2103 Vix
472 2063 576 2124 agmen
597 2045 784 2104 novissimum
804 2055 888 2102 extra
908 2045 1081 2104 munitiones
1095 2065 1242 2123 processe«

193 2143 233 2197 ΞΟ
247 2145 300 2207 rat,
325 2151 415 2214 quum
440 2135 528 2205 Galli,
551 2135 689 2194 cohortati
709 2135 785 2194 iuter
805 2153 847 2205 sa,
869 2133 917 2192 No
938 2145 1083 2211 speratam
1104 2140 1242 2214 praedam

246 2243 283 2284 ex
303 2227 440 2284 manibus
457 2226 653 2297 dimitteront;
674 2225 795 2303 longum
815 2243 888 2294 ome,
908 2226 1071 2302 perterritis
1090 2226 1239 2300 Romanis,

143 2353 147 2358 -
247 2315 459 2374 Germanorum
474 2315 615 2374 auxilium
629 2326 819 2392 exspeotare3
840 2334 936 2392 neque
950 2333 1034 2378 suam
1048 2317 1107 2392 pati
1118 2317 1239 2394 dignita·

245 2416 313 2478 tem,
324 2417 355 2465 ut
365 2407 452 2464 tantis
465 2405 557 2483 oopIis
571 2407 784 2483 tamexiguem
798 2423 927 2476 manum,
943 2407 1112 2480 praesertim
1127 2405 1238 2484 fugien-

246 2501 304 2555 tem
315 2507 402 2573 atqua
413 2497 588 2574 impeditam,
601 2494 707 2554 adoriri
718 2514 773 2554 non
785 2495 912 2554 audeant
923 2514 931 2567 3
948 2496 1057 2554 flumen
1068 2497 1240 2566 transireat

194 2595 234 2652 25
246 2587 345 2664 iniquo
364 2587 428 2645 loeo
448 2587 590 2664 proelium
611 2586 789 2644 oommittera
809 2603 867 2643 uon
887 2585 1028 2644 dubitant.
1070 2585 1155 2651 Quae
1177 2583 1238 2647 fore

245 2679 409 2754 suspIoatus
431 2675 589 2746 Labienus,
605 2686 637 2734 ut
656 2693 757 2734 omnes
776 2676 851 2733 eitra
871 2675 980 2735 flumen
993 2675 1121 2744 elioaret,
1136 2675 1238 2735 eadam

139 2787 146 2810 r
246 2782 317 2824 usus
344 2766 527 2826 sirnnlatione
558 2767 679 2834 itineris,
711 2765 824 2843 plaoide
858 2764 1106 2842 progrediebatur.
1148 2763 1237 2834 Tum,

245 2856 411 2930 praemissis
434 2856 554 2932 paulum
578 2854 798 2934 impedimentis,
820 2864 907 2930 atque
926 2855 957 2910 iu
978 2853 1091 2910 tumulo
1113 2853 1238 2928 quodam

244 2943 412 3001 collocatis:
442 2944 575 3015 Habetis,
600 2945 702 3021 inquit,
727 2944 841 3013 milites,
862 2961 951 3019 quam
973 2942 1091 3020 petistis,
1114 2941 1236 3000 saoulta.

193 3037 231 3094 30
245 3040 323 3088 tem:
344 3031 454 3090 hostem
475 3035 610 3110 impedito
633 3045 719 3110 atque
741 3034 840 3110 iniquo
862 3033 925 3090 looo
946 3031 1067 3090 tenetis:
1093 3039 1236 3104 praestate

244 3119 364 3177 eandem
373 3121 586 3180 nobisduoibus
594 3124 740 3193 virtutem,
752 3141 840 3198 quam
852 3137 1061 3198 saepenumero
1070 3118 1236 3192 imperatori

244 3209 442 3286 praestitistis:
464 3210 563 3268 adessa
577 3229 653 3281 eunt
669 3222 697 3270 at
711 3213 784 3270 haee
798 3229 896 3270 eoram
917 3225 1046 3278 eernere,
1061 3209 1235 3267 existimato.

244 3298 338 3358 SImul
361 3300 444 3376 signa
466 3300 502 3356 ad
524 3297 634 3358 boetem
656 3303 785 3359 eonverti
805 3302 956 3376 seiamque
975 3298 1063 3374 dirigi
1081 3297 1180 3374 jubet:
1207 3308 1237 3356 ot

244 3387 346 3465 paucis
365 3389 468 3446 turmis
489 3387 629 3466 praesidio
657 3389 694 3448 ad
722 3390 927 3467 impedimenta
954 3385 1089 3458 dimissis,
1111 3388 1237 3464 reliquos

192 3491 230 3546 35
244 3478 355 3554 equites
368 3477 403 3536 ad
418 3477 510 3536 latera
523 3477 654 3554 disponit.
693 3477 836 3538 Celeriter
851 3481 953 3550 nostri,
968 3479 1095 3536 elamore
1113 3477 1235 3548 sublato,

243 3568 302 3644 pila
315 3568 345 3626 in
359 3569 453 3626 bostas
467 3567 633 3625 immittunt.
675 3567 730 3638 Illi,
746 3569 796 3626 ubi
817 3577 930 3645 praeter
942 3585 1032 3646 epam,
1046 3587 1119 3644 quos
1133 3564 1237 3644 fugere

242 3657 406 3727 eredebant,
421 3655 532 3716 infestis
552 3657 642 3734 signis
661 3657 697 3715 ad
720 3675 752 3714 se
771 3657 815 3714 ire
836 3656 978 3728 viderunt,
994 3658 1134 3733 impetum
1155 3655 1237 3716 modo

244 3742 320 3802 serre
341 3763 398 3804 non
418 3747 632 3822 potueruntne
649 3747 741 3822 primo
758 3765 904 3804 oenoursu
921 3747 953 3804 in
976 3746 1077 3824 fugam
1101 3747 1236 3823 mnjeou,

243 3833 387 3904 proximas
395 3835 489 3910 ¹silvas
502 3836 684 3912 petiveruutr
698 3851 771 3911 quos
785 3833 935 3894 Labieutu
945 3837 1077 3913 equitatu
1086 3843 1235 3898 omseou.

623 3928 641 3960 Ι
