2804 4312
173 267 216 326 82
529 272 574 322 DE
589 269 694 322 Bato
710 269 854 318 canuno
1061 265 1130 321 [Gar.
1140 271 1173 322 tr,
1184 273 1217 314 ta

223 421 319 470 esmnt
339 413 448 489 aptiora
468 420 497 468 et
519 408 796 470 accommodatiora:
818 405 1012 484 nequeenim
1034 403 1080 462 iria
1101 413 1217 467 ncnraa

224 510 315 560 rostro
336 518 441 560 nocere
455 510 605 578 poterant3
628 501 720 577 (tanta
734 500 764 558 in
784 500 827 556 eis
847 507 909 556 erat
923 495 1100 572 firmitudoiz
1121 512 1217 572 neque

223 600 338 668 pmpter
359 590 539 650 altitudinem
562 588 649 648 facile
670 589 762 648 telum
784 587 993 664 adjiciebatar;
1016 595 1044 644 ct
1065 585 1166 644 eadem
1179 585 1216 646 de

222 698 312 738 causa
327 681 425 739 minus
444 680 592 738 commode
614 679 742 756 scopulis
763 677 993 740 continebantur.
1036 675 1215 746 Accedebat,

191 775 210 830 b
224 779 265 840 ut,
279 788 370 846 quum
391 771 504 828 saetirs
518 778 622 826 ventus
642 769 792 844 coepisset,
816 777 845 825 et
865 785 896 826 se
910 775 997 824 vento
1019 765 1171 836 dedissent,
1186 775 1216 826 et

222 868 420 934 tempestatem
441 857 549 916 serrem
564 857 688 926 lucilius,
703 868 732 914 et
753 857 782 914 in
798 855 880 914 vadis
904 857 1092 914 consisterent
1114 856 1214 926 tutius,

222 957 260 1017 et,
275 949 312 1006 ab
326 958 408 1006 aestu
419 947 585 1017 derelictae,
599 946 670 1004 nihil
680 965 752 1006 saxa
765 956 794 1004 et
807 955 908 1004 cautes
918 946 1067 1004 timerent:
1089 963 1216 1021 quarum

222 1052 320 1094 rerum
334 1039 463 1096 omnium
476 1037 580 1094 nestris
594 1037 718 1094 navibus
731 1054 818 1096 nasus
831 1045 914 1094 crant
927 1035 1142 1094 extimescendi.

263 1126 344 1186 XIV.
367 1126 572 1204 Compluribus
593 1125 766 1204 expugnatis
786 1125 905 1203 oppidis,
919 1125 1038 1195 Caeam,
1060 1125 1110 1182 ubi
1130 1125 1213 1182 intel·

172 1219 208 1276 to
221 1215 292 1275 lenit
316 1215 424 1274 frustra
447 1225 560 1276 tanturn
582 1216 710 1274 laborem
734 1216 820 1286 sumi,
845 1233 939 1294 neque
967 1216 1091 1274 hostium
1113 1213 1214 1291 sugam

221 1307 315 1382 captis
326 1306 437 1384 oppidis
460 1305 588 1382 reprimi,
599 1324 694 1382 nsque
708 1306 753 1364 iris
766 1307 865 1364 noceri
878 1325 969 1384 pom,
984 1306 1083 1366 statuit
1096 1323 1213 1380 exspec-

206 1391 337 1456 'tandam
353 1396 486 1456 classem.
529 1395 615 1461 Quae
630 1396 680 1454 ubi
694 1397 883 1467 convenitne
896 1396 1023 1474 primum
1037 1396 1073 1452 ab
1087 1395 1216 1454 hostibus

222 1487 284 1544 visa
298 1496 349 1557 est,
365 1487 482 1546 circiter
495 1504 568 1545 ccxx
583 1503 673 1544 naves
687 1505 787 1546 eorum
806 1487 1014 1564 paratissimae,
1030 1477 1116 1561 atque
1136 1485 1215 1544 omni

221 1595 328 1653 genere
342 1595 490 1636 umorum
503 1576 715 1646 ornatissimae,
731 1575 876 1654 profectae
890 1594 927 1635 ex
941 1585 1034 1653 portu,
1048 1576 1153 1634 nostris
1166 1574 1214 1634 ad-

172 1673 208 1730 15
222 1685 323 1724 versae
345 1668 551 1726 constiterunt:
571 1685 668 1744 neque
682 1667 752 1726 satis
774 1665 875 1736 Bruto,
890 1667 941 1741 qni
963 1665 1050 1724 classi
1073 1675 1215 1742 praeerat,

221 1756 267 1814 vel
282 1757 405 1814 tribunis
418 1757 543 1815 militum
558 1756 844 1833 centurionibusque,
857 1755 963 1830 quibus
976 1755 1110 1831 singulae
1125 1773 1217 1814 naves

221 1847 480 1917 erant'attributae,
495 1847 644 1906 constabat
664 1845 733 1922 quid
754 1853 881 1922 agerent,
897 1851 947 1902 aut
966 1863 1054 1920 quam
1076 1845 1217 1904 rationem

221 1954 335 2013 pugnae
350 1937 523 1995 insisterent.
566 1935 670 1994 Rostro
690 1935 767 1994 enim
781 1933 951 1992 nucerinen
971 1951 1053 2010 posse
1074 1952 1216 2010 coguove-

222 2037 305 2099 rant3
328 2027 457 2085 turribus
471 2036 569 2086 antem
589 2026 731 2096 excitatis,
746 2035 843 2084 umen
863 2024 916 2082 has
936 2023 1057 2086 altitudo
1076 2025 1217 2101 puppium

168 2127 209 2180 20
222 2135 258 2172 ex
273 2117 404 2175 barbaris
414 2116 537 2176 navibus
550 2116 715 2192 superabat,
725 2125 756 2174 ut
770 2133 864 2192 neque
880 2133 916 2171 ex
925 2112 1060 2171 inferiore
1068 2112 1134 2172 loco
1146 2115 1218 2174 sada

222 2205 370 2264 commode
383 2206 442 2266 tela
457 2206 544 2282 adjici
557 2215 681 2284 possent,
695 2216 723 2266 et
737 2205 825 2264 missa
846 2205 884 2262 ab
897 2203 992 2262 Gallis
1004 2204 1125 2280 gravius
1139 2204 1216 2262 acci.

222 2296 331 2355 derant.
374 2295 442 2354 Una
456 2307 519 2356 erat
533 2315 638 2374 magno
649 2297 716 2355 u'sui
727 2315 774 2355 res
785 2303 955 2373 praeparata
969 2311 986 2352 a
999 2293 1113 2363 nostris,
1126 2291 1217 2356 falces

222 2377 404 2463 praeacutae,
419 2387 545 2446 insertae
566 2385 729 2464 affixaeque
743 2386 893 2463 longuriis,
907 2403 965 2442 nou
979 2383 1103 2442 absimili
1125 2380 1217 2444 forma

223 2477 379 2536 muralium
395 2475 526 2536 inicium.
568 2475 624 2538 His
637 2496 728 2554 quum
746 2475 840 2546 funes,
854 2474 905 2552 qui
919 2483 1060 2532 antennas
1074 2473 1110 2530 ad
1125 2473 1216 2532 malos

169 2577 209 2632 25
222 2563 411 2639 destinabant,
440 2567 643 2646 comprehensi
670 2567 844 2642 adductique
872 2572 965 2634 erant,
988 2563 1105 2641 navigio
1129 2563 1217 2622 remia

221 2657 349 2728 incitato,
370 2658 659 2736 praerumpebautnr.
701 2657 818 2722 Quibus
838 2655 982 2724 abscissis,
1005 2663 1146 2712 antennae
1166 2672 1215 2712 ne·

221 2748 347 2805 cessario
361 2749 559 2818 concidebant,
581 2756 622 2816 ut,
643 2765 734 2822 quum
755 2745 848 2804 omnis
863 2744 990 2804 Gallicis
1003 2744 1128 2800 navibus
1151 2762 1216 2819 spes

221 2836 252 2892 in
267 2836 339 2894 velis
362 2839 605 2914 armamentisque
622 2838 801 2906 consisteret,
823 2837 869 2894 his
892 2836 1006 2912 ereptis,
1028 2835 1121 2894 omnis
1145 2852 1216 2894 nsua

221 2925 341 2980 navium
365 2943 422 2982 uno
443 2935 571 3002 tempore
593 2928 762 3004 eriperetur.
805 2925 963 3002 Reliquum
983 2935 1047 2984 erat
1069 2935 1216 2984 certamen

171 3019 210 3074 80
222 3011 346 3086 positum
360 3012 390 3068 in
404 3014 520 3082 virtute,
535 3033 593 3090 qua
607 3017 696 3074 nostri
711 3016 816 3074 milites
830 3013 916 3074 facile
930 3015 1113 3092 superabant,
1128 3023 1215 3091 atqua

222 3117 257 3156 eo
271 3100 373 3176 magis,
388 3101 463 3176 quod
477 3103 507 3160 in
525 3115 683 3180 conspectu
702 3106 837 3166 Caesaris
850 3116 938 3182 atque
957 3106 1050 3164 omnis
1070 3106 1216 3166 exercitus

223 3206 270 3246 res
283 3189 447 3264 gerebatur,
463 3201 495 3249 ut
508 3193 624 3250 nullum
643 3195 730 3271 paulo
743 3195 844 3254 lortius
865 3195 976 3256 lactum
996 3195 1086 3255 latere
1100 3205 1215 3272 possete

223 3295 322 3336 omnes
335 3279 414 3336 enim
427 3280 518 3340 colles
539 3299 574 3338 ao
595 3281 659 3340 loca
682 3287 840 3361 superiora,
856 3285 934 3344 uude
953 3293 1016 3344 erat
1039 3287 1216 3364 propinquus

222 3367 376 3444 despectus
389 3368 419 3426 in
434 3387 523 3439 mare,
540 3370 576 3431 ab
590 3372 720 3430 mercitu
735 3374 916 3433 tenebantur.

171 3467 210 3524 δῦ
263 3457 332 3518 XV.
353 3457 490 3535 Dejeetts,
507 3470 539 3518 ut
558 3459 693 3531 diximus,
709 3465 850 3534 antennis,
865 3485 957 3541 quum
976 3465 1109 3542 singulae
1129 3464 1216 3524 binae

223 3568 260 3609 ac
273 3559 373 3609 ternae
386 3569 477 3608 naves
493 3550 756 3622 circumsteterant,
770 3553 876 3612 milites
896 3573 1011 3612 summa
1024 3555 1054 3613 ri
1067 3564 1215 3614 transceu-

222 3639 291 3698 dere
305 3641 335 3697 in
343 3641 468 3700 bostium
481 3659 572 3700 naves
582 3640 799 3700 contendebant.
841 3643 928 3709 Quod
938 3655 1089 3721 postquam
1100 3645 1216 3704 barbari

223 3729 287 3788 fiiri
301 3729 576 3802 annnadverterunt,
586 3731 760 3808 expugnatis
772 3733 969 3809 compluribus
982 3735 1116 3806 navibus,
1124 3748 1216 3812 quum

223 3817 433 3880 uniondum
445 3821 621 3900 reperiretur
634 3820 875 3900 auxiliumiuga
892 3822 1017 3882 salanam
1037 3833 1215 3902 putenm
