2844 4340
181 281 223 338 90
538 288 588 334 οε,
606 287 711 334 annuo
730 285 872 332 GALLJCO
1069 286 1136 338 tce.
1147 291 1217 334 to-ta

230 425 403 482 munitiones
418 423 536 500 adjecto,
552 423 648 480 locum
670 431 818 497 ceperunt,
833 436 938 496 eosque
952 439 988 476 ex
1003 420 1084 477 silvis
1098 422 1217 498 eupule.

226 501 305 582 runt,
322 514 422 588 paucis
436 512 605 568 vulneribus
625 511 760 586 acceptis.
803 510 859 566 Sed
879 529 929 567 eos
948 509 1090 586 fugientes
1104 509 1218 587 lougius

229 602 337 660 Caesar
359 602 491 676 prosequi
512 602 611 669 vetuit,
632 600 756 676 et‘quod
781 599 837 657 loci
860 609 994 656 naturum
1008 600 1174 674 ignorabat,
1189 609 1218 659 et

229 691 314 767 quod,
342 707 447 766 magua
475 699 555 771 parte
582 689 639 746 diei
667 699 844 770 consumpte,
873 689 1023 747 munitioni
1057 698 1217 748 castrorum

196 791 217 848 5
229 791 342 855 tempus
356 779 480 855 relinqui
494 779 616 836 volebat.

268 870 305 926 X.
328 869 467 952 ¹Postridie
490 869 553 944 ejus
577 868 634 926 diei
658 887 742 952 moue
765 869 906 944 tripartito
927 869 1031 926 milites
1051 869 1219 944 equitesque
1259 896 1278 912 ν

227 958 257 1013 in
279 959 488 1036 expeditionem
510 960 594 1028 misit,
610 969 642 1016 ut
662 979 720 1028 eos,
738 959 788 1033 qui
810 957 952 1036 fugerent,
968 967 1217 1034 persequerentur.

227 1045 283 1106 His
298 1050 478 1125 aliquantum
492 1048 602 1106 itineris
617 1049 783 1125 progressis,
798 1067 898 1122 quum
907 1049 968 1123 jam
989 1047 1109 1104 extremi
1124 1056 1220 1104 essent

227 1138 258 1194 in
278 1150 440 1216 prospectu,
456 1141 567 1215 equites
582 1157 599 1195 a
612 1139 652 1203 Q.
673 1139 758 1196 Atrio
778 1138 816 1194 ad
835 1137 990 1196 Caesarem
1004 1146 1153 1206 venerunt,
1168 1136 1219 1212 qui

178 1235 216 1292 10
229 1229 410 1301 nunciarent,
441 1230 597 1307 Superiore
631 1239 723 1298 nocte,
752 1229 879 1286 maxima
912 1237 1008 1285 coorta
1041 1235 1218 1302 tempestate,

228 1337 315 1396 prope
337 1339 437 1378 omnes
459 1339 549 1378 naves
577 1319 707 1388 afflictas,
727 1321 817 1394 'atque
845 1319 875 1374 in
899 1316 981 1376 litore
1005 1316 1111 1392 ejectas
1133 1334 1216 1387 esse;

227 1411 304 1486 quod
326 1430 421 1488 neque
445 1413 597 1480 anchorae,
620 1410 760 1486 funesque
782 1410 976 1478 subsisterent,
998 1419 1092 1484 neque
1114 1415 1220 1464 nautae

227 1497 493 1574 gubernatoresque
507 1501 566 1556 vim
583 1501 642 1574 pati
662 1499 837 1573 tempestatis
857 1507 987 1572 possent:
1009 1499 1105 1572 itaque
1127 1514 1163 1554 ex
1185 1514 1221 1556 eo.

228 1600 372 1640 concursu
387 1588 506 1642 navium
521 1605 660 1662 magnum
674 1605 736 1643 esse
751 1585 962 1642 incommodum
977 1595 1139 1660 acceptum.

184 1667 221 1724 15
274 1669 325 1726 XI.
358 1670 413 1727 His
436 1673 527 1728 rebus
554 1675 684 1748 cognitis,
712 1671 820 1729 Caesar
847 1673 975 1748 legiones
1002 1675 1219 1746 equitatumque

204 1771 206 1776 ’
227 1758 366 1826 revocari,
382 1767 469 1830 atque
481 1759 592 1814 'itinere
613 1759 754 1811 desistere
769 1759 868 1827 jubetae
890 1759 951 1828 ipse
966 1757 1002 1810 ad
1015 1775 1106 1814 naues
1122 1775 1218 1814 rever.

225 1847 312 1904 titur:
341 1847 443 1904 eadem
468 1845 537 1914 fere,
563 1859 638 1920 quae
662 1863 698 1900 ex
723 1844 838 1900 nunciis
861 1843 1009 1919 literisque
1034 1857 1218 1920 cognoverat,

225 1953 325 1994 coram
348 1935 492 2010 perspicit,
508 1936 550 1991 sic
565 1943 605 2002 ut,
621 1933 735 1990 amissis
755 1933 872 1990 circiter
885 1951 924 1991 11.
940 1935 1071 2003 navibus,
1087 1935 1219 2012 reliquae

225 2035 321 2082 temen
346 2024 428 2081 refici
452 2041 534 2099 posse
559 2041 664 2099 magno
691 2022 805 2098 negotio
828 2021 1005 2080 viderentur.
1055 2023 1155 2100 Itaque
1181 2045 1220 2086 ex

172 2122 212 2177 20
226 2113 386 2190 legionibus
398 2111 493 2169 fabros
503 2111 617 2188 delegit,
628 2121 701 2170 etex
712 2110 868 2169 continenti
883 2111 956 2169 elios
970 2114 1104 2176 arcessiri
1115 2114 1217 2189 jubet;

225 2201 355 2260 Labieno
369 2202 476 2271 scribit,
493 2211 532 2271 ut,
544 2219 632 2276 quam
647 2201 787 2276 plurimas
802 2211 904 2276 posset,
919 2201 953 2258 iis
968 2201 1129 2278 legionibus
1141 2223 1222 2280 quae

225 2300 291 2348 sunt
312 2291 390 2368 apud
410 2309 488 2361 eum,
503 2309 594 2348 naves
614 2291 753 2349 instituat.
797 2288 869 2365 lpse,
885 2291 938 2347 etsi
959 2310 1006 2348 res
1026 2301 1089 2350 erat
1110 2293 1222 2352 multae

224 2399 329 2458 operae
341 2389 379 2441 'ac
393 2381 508 2451 laboris,
523 2391 621 2438 tamen
635 2378 898 2437 commodissimum
919 2396 983 2438 esse
997 2382 1104 2451 statuit,
1120 2399 1221 2442 omnes

224 2487 315 2528 naves
328 2471 460 2540 subduci,
476 2481 504 2528 et
518 2488 586 2528 cum
608 2469 710 2526 castris
731 2485 790 2525 una
812 2469 970 2526 munitione
994 2470 1142 2548 conjungi.
1183 2470 1220 2530 In

171 2571 211 2626 25
225 2561 269 2620 his
283 2563 370 2620 rebus
384 2561 501 2619 circiter
521 2560 583 2616 dies
603 2558 705 2618 decem
725 2559 877 2627 consumit,
892 2577 929 2614 ne
939 2560 1088 2616 nocturnis
1102 2559 1220 2635 quidem

224 2653 400 2728 temporibus
414 2651 450 2710 ed
464 2651 594 2708 laborem
607 2648 730 2705 militurn
745 2647 925 2705 intermissis.
968 2648 1124 2708 Subductis
1138 2642 1219 2706 nusi.¹

224 2742 287 2811 bue,
303 2743 462 2817 castrisque
485 2740 606 2816 egregie·
624 2737 751 2806 munitis,
774 2737 891 2794 easdem
913 2739 1019 2813 copias,
1043 2755 1116 2812 quas
1140 2747 1218 2810 ante,

224 2831 364 2904 praesidio
385 2829 508 2885 navibus
528 2828 667 2903 reliquit:
689 2827 750 2902 ipse
769 2825 879 2894 eodem,
895 2826 971 2884 unde
985 2825 1118 2896 redierat,
1134 2828 1219 2902 proli.

224 2917 353 2974 ciscitnr.
396 2915 441 2972 Eo
461 2933 552 2989 quum
569 2917 702 2985 venisset,
725 2915 849 2989 majores
866 2914 928 2990 jam
948 2915 1076 2990 undique
1097 2916 1127 2971 in
1148 2935 1220 2974 eum

172 3013 211 3068 30
224 3003 321 3074 locum
341 3005 442 3077 copiae
456 3003 662 3060 Britannorum
683 3013 887 3071 convenerant,
902 3021 1016 3060 summa
1030 3005 1142 3079 imperii
1157 3005 1218 3062 bel·

223 3091 302 3165 lique
317 3091 533 3148 administrandi
547 3093 694 3150 communi
708 3092 828 3150 consilio
838 3091 977 3168 pennissa
987 3092 1218 3165 CassivellaunO,

222 3180 309 3254 cujus
322 3179 395 3236 fines
409 3198 426 3237 e
441 3180 592 3236 maritimis
605 3181 770 3239 civitatibus
784 3181 892 3238 flumen
906 3179 1015 3250 dividit,
1030 3181 1105 3256 quod
1120 3184 1218 3257 appel.

222 3259 300 3326 latur
311 3268 454 3336 Tamesis,
470 3288 487 3324 a
501 3270 574 3325 meri
595 3268 712 3326 circiter
731 3269 824 3326 millia
843 3285 982 3345 passuum
1004 3287 1093 3328 cxxx.
1136 3270 1218 3332 Huic

222 3359 369 3434 superiore
384 3367 510 3432 ternpore
524 3375 594 3414 cum
615 3357 734 3431 reliquis
755 3357 920 3416 civitatibus
943 3359 1118 3416 continentie
1139 3358 1218 3420 bella

170 3461 209 3515 35
222 3449 460 3506 intercesserant:
480 3445 531 3503 sed
545 3455 640 3502 nostro
655 3444 781 3504 adventu
795 3447 1061 3524 permoti-Britanni
1075 3448 1153 3506 huuc
1166 3452 1218 3510 toti

222 3537 296 3596 bello
310 3537 487 3612 imperioque
499 3533 707 3612 praefecerant.

262 3626 327 3684 XII.
350 3625 519 3683 Britanniae
542 3641 609 3700 pars
631 3623 749 3680 interior
770 3624 806 3682 ab
827 3625 862 3682 iis
880 3625 1025 3695 incolitur,
1040 3645 1113 3702 quos
1133 3636 1218 3688 natos

220 3715 250 3770 in
265 3715 360 3773 insula
374 3715 437 3791 ipsc
456 3714 596 3772 memoria
617 3712 759 3789 proditum
779 3713 898 3772 dicunt:
920 3715 1065 3772 maritima
1090 3734 1157 3791 pars
1178 3717 1217 3776 ab

220 3801 265 3872 iis,
276 3804 327 3878 qui
337 3805 461 3879 praedae
473 3821 508 3862 ac
519 3804 588 3862 belli
602 3801 743 3862 inferendi
753 3821 845 3862 causa
858 3819 894 3860 ex
905 3801 1006 3880 Belgis
1019 3805 1193 3865 transierant
1203 3823 1213 3876 ς
