2844 4340
185 313 240 359 cn.
251 317 286 366 n,
296 311 344 364 ra]
573 309 670 356 ιιιιιιιι
686 309 840 362 nonanus.
1170 303 1231 364 lot

184 449 237 508 sibi
251 449 308 506 iter
322 445 489 506 iaciendum
509 445 628 506 sciebat.
670 447 779 506 Scribit
792 445 932 520 Labieno,
947 449 971 506 si
986 449 1178 528 Reipublicae
1199 498 1203 510 ι

184 538 333 598 commodo
348 536 446 596 Iacere
460 547 563 614 posset,
579 556 648 595 cum
663 537 776 614 legione
798 538 833 596 ed
848 538 921 601 lines
935 539 1115 614 Nerviorum
1129 561 1176 600 ve·

185 631 262 688 aiat:
287 629 430 705 reliquom
445 637 554 703 partem
576 628 730 698 exereitus,
745 627 821 704 quod
840 629 927 705 paulo
940 630 1040 688 aberat
1053 630 1177 710 longius,

185 737 241 777 non
264 728 346 796 putat
367 717 611 794 exspectandam
633 718 745 794 equites
765 718 882 778 olrciter
895 719 1120 797 quadringentos
1139 739 1178 778 ex
1233 781 1237 788 ,

186 810 326 886 proximis
339 807 469 866 hibernis
483 807 570 884 cogit.
1190 813 1210 870 b
1255 819 1258 828 ·

190 947 193 952 .
226 898 350 958 XLVII.
373 897 456 956 Hora
476 897 593 956 circiter
612 899 696 956 tertia
710 899 747 956 ab
766 901 1001 962 antecursoribus
1020 901 1056 962 de
1077 902 1177 961 Crassi

187 989 311 1049 adventu
326 989 432 1049 certior
447 985 550 1057 sactus,
565 1007 600 1046 eo
620 988 667 1046 die
681 988 773 1046 millia
792 1008 931 1066 passuum
945 993 1047 1070 viginti
1062 1011 1177 1070 progre-

121 1123 125 1130 .
187 1079 272 1137 ditur.
327 1078 467 1135 Crassum
495 1077 717 1137 SamarobrIvae
751 1079 891 1154 praeficit,
920 1080 1122 1156 legionemque
1150 1083 1178 1140 ei

187 1169 324 1238 attribuit,
340 1167 416 1243 quod
434 1167 474 1224 ibi
493 1166 697 1243 Impedimente
715 1169 870 1236 exercitus,
885 1169 998 1226 obsides
1018 1170 1177 1238 ciuitatum,

187 1258 285 1316 literas
310 1257 451 1334 publicas,
478 1256 714 1332 frumentumque
738 1275 831 1325 omne,
856 1255 933 1331 quod
955 1275 992 1316 eo
1012 1257 1178 1316 tolerandae
1194 1257 1232 1316 10

188 1347 290 1406 hiemis
304 1366 395 1406 cauea
412 1346 577 1415 derexerat,
593 1344 783 1420 relinquebat.
826 1343 945 1413 Fabius,
960 1355 991 1402 ut
1004 1347 1179 1422 imperatum

187 1448 258 1507 erat,
270 1456 326 1494 non
337 1437 378 1494 ita
389 1436 513 1494 multum
524 1445 661 1505 moratus,
673 1437 702 1497 io
714 1435 816 1492 itiuere
831 1451 899 1492 cum
913 1434 1028 1510 legione
1042 1433 1179 1496 occurrit.

188 1525 345 1595 Labienus,
360 1525 478 1584 interitu
499 1525 600 1584 Sabiui
620 1537 649 1582 et
668 1523 758 1582 caede
773 1524 935 1582 cohortium
949 1525 1073 1602 cognita,
1088 1543 1180 1600 quum

186 1635 287 1676 omues
300 1615 336 1672 ad
350 1633 419 1672 aum
430 1614 621 1672 Trevirorum
636 1616 736 1691 copiae
747 1614 902 1683 veulssent,
915 1615 1035 1685 veritus,
1048 1633 1094 1685 ue,
1106 1616 1131 1672 si
1143 1633 1180 1674 ex

188 1706 315 1764 hibernis
336 1704 424 1781 fugae
445 1704 570 1762 similem
593 1703 801 1780 profectionem
823 1703 949 1774 iecisset,
975 1704 1101 1762 hostium
1128 1707 1179 1762 im.
1195 1705 1232 1762 15

189 1805 286 1872 petum
308 1795 451 1852 sustiuere
470 1811 526 1850 non
544 1804 647 1869 posset,
662 1795 919 1871 praesertimque
932 1795 1042 1852 recenti
1057 1795 1181 1854 victoria

189 1885 286 1944 efferri
308 1885 406 1952 sciret,
420 1883 520 1945 literas
542 1883 661 1942 Caesari
685 1885 812 1954 remittit,
828 1895 936 1959 quanto
957 1903 1026 1942 cum
1051 1885 1181 1961 periculo

189 1974 331 2051 legionem
351 1992 388 2030 ex
411 1973 538 2035 hibernis
558 1973 719 2031 educturus
738 1984 831 2032 esset:
853 1992 917 2034 rem
929 1984 1042 2051 gestam
1056 1975 1086 2032 in
1102 1973 1180 2031 Ebu·

189 2065 306 2122 renibus
315 2063 485 2140 perscribit:
500 2061 591 2133 docet,
601 2081 701 2124 omnes
711 2063 857 2139 equitatus
868 2063 1071 2141 peditatusque
1084 2063 1183 2138 copias
1285 2063 1287 2067 ’

190 2153 379 2212 Trevirorum
386 2153 442 2211 tria
448 2152 541 2210 millia
548 2170 685 2229 passuum
694 2152 779 2230 longe
787 2153 823 2210 ab
830 2153 890 2210 suis
897 2155 1000 2212 castris
1007 2153 1179 2212 consedisse.
1195 2151 1233 2210 2⁰

230 2241 369 2301 XLVIII.
391 2242 510 2312 Caesar,
524 2242 645 2300 consilio
657 2241 721 2318 ejus
735 2242 862 2319 probato,
874 2244 937 2313 etsi,
948 2243 1079 2319 opinione
1093 2243 1182 2299 trium

188 2332 335 2409 legionum
350 2332 491 2408 dejectus,
505 2331 540 2389 od
560 2332 633 2394 duas
653 2332 788 2401 redierat,
802 2340 901 2388 tamen
915 2349 1006 2388 uuum
1020 2332 1183 2388 communis

189 2423 291 2480 salutis
305 2422 449 2480 auxilinm
463 2422 493 2478 in
507 2421 658 2480 celeritate
673 2421 805 2497 ponebat.
841 2417 932 2476 Venit
946 2419 1060 2494 maguis
1074 2419 1182 2474 itineri-

189 2511 243 2570 bus
256 2513 287 2568 in
301 2511 480 2570 Nerviorum
495 2511 579 2568 fines.
614 2509 657 2568 Ibi
668 2527 705 2568 ex
716 2508 840 2588 captivis
850 2506 1008 2582 cognoscit,
1019 2523 1095 2580 quae
1107 2505 1183 2579 apud

189 2601 360 2660 Ciceronem
381 2610 529 2678 gerantur,
549 2609 716 2676 quantoque
739 2598 768 2654 in
794 2594 924 2672 periculo
946 2612 993 2651 res
1014 2595 1062 2651 sit.
1103 2593 1183 2652 Tum
1196 2595 1235 2652 25

189 2691 306 2749 cuidam
319 2709 356 2748 ex
370 2690 515 2767 equitibus
526 2688 621 2747 Gallis
635 2687 749 2764 magnis
763 2684 900 2762 praemiis
915 2683 1077 2760 persuadet,
1089 2683 1132 2740 uti
1146 2683 1182 2740 ad

190 2781 361 2840 CIceronem
385 2781 534 2858 epistulam
558 2777 679 2836 deserat.
732 2775 821 2836 Hauc
844 2773 969 2832 Graecis
992 2775 1183 2850 conscrIptsm

190 2871 281 2930 literis
295 2871 389 2940 mittit,
401 2889 447 2940 ne,
459 2871 618 2946 intercepta
629 2866 759 2945 epistola,
771 2873 868 2924 nostra
879 2863 915 2924 ab
925 2864 1054 2931 hostibus
1064 2865 1184 2924 consilia

191 2970 411 3038 cognoscentur.
453 2958 485 3016 si
500 2958 579 3016 adire
593 2977 651 3016 uon
665 2959 761 3034 possit,
776 2965 881 3027 monet,
897 2965 929 3014 ut
947 2955 1095 3033 tragulam
1115 2974 1183 3014 curn

191 3051 311 3126 epistola
335 3050 371 3109 ad
396 3057 544 3108 omentum
567 3046 695 3123 deligata
722 3048 799 3106 iutra
826 3047 1000 3106 munitiones
1024 3057 1184 3105 castrorum
1197 3047 1235 3104 30

192 3140 321 3216 abjiciat.
373 3139 407 3198 In
431 3139 524 3197 literis
547 3137 657 3208 scribit,
682 3136 721 3194 Se
745 3155 814 3195 cum
838 3136 1000 3214 legionibus
1024 3135 1185 3212 proiectum

191 3230 326 3288 celeriter
354 3227 461 3289 affore:
496 3229 626 3288 hortatur
654 3237 686 3285 ut
712 3229 862 3304 pristInam
888 3227 1025 3286 vlrtutem
1053 3227 1183 3284 retinent.

194 3319 309 3391 Gallus,
333 3311 496 3398 periculum
523 3319 643 3388 veritus,
668 3328 701 3377 ut
727 3327 790 3377 crat
809 3311 1014 3395 praeceptum,
1039 3314 1186 3390 tragulam

194 3410 287 3468 mittit.
336 3406 421 3468 Haec
445 3427 516 3468 casu
541 3407 577 3466 ad
604 3410 708 3468 turrim
737 3407 876 3478 adhaesit,
901 3425 996 3483 neque
1021 3404 1058 3462 ab
1082 3400 1186 3458 uostris

116 3534 127 3548 ι
194 3498 279 3558 biduo
301 3498 512 3568 auImadversa,
527 3500 611 3564 tertio
629 3499 676 3557 die
695 3519 713 3558 a
733 3498 859 3575 quodam
881 3496 972 3556 milite
993 3490 1240 3566 conspiremus

194 3587 309 3666 dempta
323 3589 360 3646 ad
373 3588 543 3647 Ciceronem
566 3588 702 3653 defertur.
745 3589 799 3647 Ille
822 3585 980 3662 perlectam
995 3583 1025 3638 in
1042 3586 1187 3636 conventu

195 3679 321 3736 miiitum
345 3678 457 3747 recitat,
482 3678 666 3753 maximaque
694 3695 794 3734 omncs
821 3669 931 3730 laetitia
958 3667 1058 3726 afficit.
1109 3663 1188 3724 Tum

197 3765 269 3826 iumi
292 3766 490 3826 incendiorum
510 3767 610 3845 procul
625 3765 813 3824 rIdebantur:
840 3777 916 3835 quaa
937 3776 984 3817 res
1004 3771 1120 3814 omnem
1137 3755 1188 3817 du·

198 3853 364 3917 bitationem
379 3857 522 3920 adventus
534 3855 682 3934 legionum
696 3851 818 3927 expulit.
