2844 4340
183 310 338 366 cassem
575 307 670 358 urnsn
689 307 855 364 strenuus.
1170 295 1251 360 let*

183 469 272 508 eures
292 449 508 526 processissent,
522 447 647 524 reliques
674 449 771 524 copies
791 459 892 508 contre
912 447 1074 508 Labienum
1088 451 1177 510 duxe-

184 550 260 598 runt.

223 627 319 688 LXII.
342 627 440 684 Primo
465 626 531 684 luce
555 635 584 684 et
607 627 695 686 nostri
719 647 818 686 omnes
840 640 923 688 erent
943 633 1135 706 transportati
1149 639 1178 688 et

185 719 310 776 bostium
329 719 409 776 ecies
429 716 611 774 cernebatur.
652 715 809 786 Labienus,
825 719 930 776 milites
950 719 1122 788 cohortetus,
1138 717 1177 778 IJt

184 827 255 868 sues
270 807 408 884 pristinae
419 805 533 864 virtutis
545 816 574 862 et
587 815 627 864 tot
640 806 917 865 secundissimorum
931 810 1103 886 proeliorum
1119 829 1175 866 roe·
1190 817 1209 870 d
1267 867 1276 884 ‚

186 899 310 956 moriem
321 897 486 963 renuerent,
497 905 585 969 etque
600 896 693 971 ipsum
707 895 872 966 Caesarem,
884 899 970 973 eujus
979 899 1069 958 ductu
1078 918 1176 976 saepe-

186 1004 307 1045 numero
329 985 424 1042 hostes
445 994 639 1059 superassent,
655 995 834 1060 praesentem
856 988 956 1048 edesse
970 990 1176 1060 existimarent,

187 1076 234 1134 det
256 1075 372 1154 signum
397 1073 510 1149 proelii.
529 1131 532 1138 ,
553 1073 650 1131 Primo
674 1090 818 1132 coneursu
841 1076 879 1134 eb
899 1077 998 1135 dextro
1012 1097 1111 1148 cornu,
1127 1081 1177 1138 ubi

186 1165 308 1240 septime
331 1164 407 1240 legio
429 1163 605 1233 constiterat,
628 1164 722 1220 hostes
747 1163 902 1239 pelluntur,
918 1176 1004 1240 etque
1026 1169 1055 1223 in
1078 1163 1178 1243 iugem

187 1255 401 1328 conjiciuntur:
434 1253 472 1310 eb
495 1253 628 1322 sinistro,
653 1269 740 1330 quem
768 1252 866 1310 locum
899 1253 1069 1310 duodecime
1103 1255 1178 1332 legio
1194 1261 1243 1314 ro·

187 1344 310 1411 tenebat,
325 1359 417 1418 quum
431 1342 516 1418 primi
529 1341 645 1400 ordines
658 1342 781 1400 hostium
802 1341 932 1398 transfixi
954 1342 1019 1416 pilis
1039 1343 1177 1400 concidis·-

187 1444 259 1502 sent,
268 1443 367 1490 temen
375 1432 516 1490 acerrime
527 1431 631 1507 reliqui
637 1430 816 1499 resistebant,
826 1445 880 1488 neo
891 1429 975 1487 debet
982 1432 1179 1506 suspicionem

137 1575 139 1579 .
188 1523 274 1600 iuges
282 1522 452 1598 quisquam.
496 1519 763 1596 Ipsednxhostium
772 1519 1178 1596 Camulogenussuissderst,

188 1623 275 1688 etque
288 1608 338 1669 'eos
351 1610 564 1668 cohortabatur.
607 1611 657 1678 At,
673 1610 783 1666 iuoerto
797 1610 885 1666 etiem
898 1627 976 1668 nuno
997 1611 1077 1668 exitu
1092 1613 1178 1670 vieto·

189 1703 258 1770 ties,
273 1719 364 1776 quum
377 1701 516 1774 septImee
531 1699 653 1776 legionis
669 1699 792 1756 tribunis
811 1708 886 1756 esset
909 1701 1088 1770 nunciatum,
1103 1721 1179 1778 quee
1195 1707 1230 1762 15

189 1791 219 1848 in
240 1792 354 1848 sinistro
376 1807 468 1848 cornu
489 1798 668 1864 gererentur,
684 1798 746 1864 post
765 1798 878 1869 tergum
899 1789 1021 1848 hostium
1037 1791 1179 1868 legionem

190 1880 380 1948 ostenderunt,
406 1879 545 1956 signoque
570 1878 738 1936 imuleruut.
782 1879 830 1936 Ne
854 1899 888 1938 eo
912 1881 1029 1956 quidem
1053 1891 1178 1959 tempore

190 1971 342 2047 quisquam
364 1967 428 2026 looo
450 1968 545 2036 cessit,
566 1967 618 2024 sed
642 1969 833 2028 circumuenti
857 1989 956 2028 omnes
978 1971 1179 2046 interfectique

189 2071 266 2120 sunt.
318 2058 449 2119 Eundem
475 2055 621 2116 fortunam
646 2058 712 2115 tulit
731 2057 965 2137 Camulogenus
1009 2061 1051 2120 At
1076 2062 1105 2128 ii,
1128 2062 1178 2136 qui

189 2148 331 2226 praesidio
344 2157 444 2206 contre
458 2157 554 2206 cestre
568 2145 690 2206 Labieni
707 2159 790 2206 erent
811 2149 914 2218 relietI,
930 2167 1022 2225 quum
1036 2149 1177 2226 proelium
1190 2154 1231 2212 2⁰

190 2239 374 2298 commissum
396 2236 551 2305 audissent,
566 2237 693 2294 subsidio
713 2239 775 2294 suis
795 2239 901 2306 ierunt,
915 2238 1077 2314 collemque
1091 2259 1178 2316 oepe-

190 2339 265 2398 runt,
279 2346 375 2403 neque
389 2335 550 2384 nostrorum
572 2327 696 2386 militum
712 2328 854 2384 victorum
876 2329 1015 2402 impeturn
1037 2330 1179 2386 sustinere

191 2405 352 2495 potudrunt.
395 2416 453 2486 Sic,
477 2433 545 2474 cum
569 2417 630 2474 suis
655 2415 832 2492 fugientibus
856 2417 999 2490 permixti,
1025 2435 1096 2490 quos
1124 2435 1179 2474 non

190 2510 280 2568 silrec
296 2517 462 2582 montesque
482 2517 625 2575 texerunt,
641 2506 677 2564 sb
697 2505 826 2579 equitatu
840 2513 908 2562 sunt
922 2505 1074 2562 iuterieoti.
1115 2506 1180 2564 Hoc

191 2599 304 2675 negotio
324 2595 464 2665 consecto,
478 2595 627 2654 Labienus
649 2594 803 2652 revertitur
818 2593 1012 2672 Agendioum,
1028 2593 1099 2651 ubi
1091 2613 1178 2672 rmpe
1192 2601 1231 2656 25

190 2688 316 2746 dimonte
337 2687 423 2744 totius
444 2686 591 2744 exercitus
612 2685 715 2742 relicte
736 2695 827 2740 erent.
869 2681 940 2742 Inde
960 2701 1030 2741 oum
1049 2685 1181 2796 omnibus

190 2778 280 2853 copiis
294 2776 329 2834 ed
344 2775 499 2834 Caesarem
514 2767 654 2851 pervenit.

230 2863 339 2924 LXIII.
381 2861 549 2926 Defectione
572 2865 743 2922 Aeduorum
767 2864 892 2942 cognite,
914 2861 1023 2924 bellurn
1046 2877 1177 2945 nugetur.

191 2953 404 3032 LegetioneetIn
415 2973 514 3016 ornnes
524 2965 619 3030 perte-s
629 2956 911 3013 circummittentur:
925 2965 1066 3031 quantum
1076 2959 1179 3034 gretie,

191 3044 369 3112 auctoritate,
382 3044 506 3118 perutile
517 3044 622 3112 velent,
634 3044 669 3102 ed
684 3044 880 3102 solllcitendes
891 3045 1025 3104 civitates
1037 3047 1178 3106 nituntur.
1194 3051 1232 3106 30

192 3132 279 3195 Nueti
289 3132 410 3202 obsides,
419 3151 492 3207 quos
501 3131 610 3198 Cseser
621 3133 697 3208 spud
708 3153 759 3192 eos
767 3132 947 3210 deposuerat,
957 3135 1060 3194 borum
1071 3139 1179 3214 suppli·

191 3223 236 3285 oio
249 3221 413 3280 dubitsntes
433 3221 574 3279 territent.
617 3221 721 3280 Petunt
736 3241 753 3279 e
767 3221 1006 3300 Vercingetorige
1021 3225 1129 3295 Aedui,
1144 3215 1180 3283 ed

191 3331 222 3376 ee
237 3312 343 3379 veniet,
359 3311 540 3386 rationesque
556 3310 631 3368 belli·
645 3312 765 3387 gerendi
786 3314 990 3370 communicet.
1034 3313 1077 3371 Re
1092 3316 1180 3388 Impe-

190 3409 264 3458 trste
278 3399 463 3468 contendunt,
479 3409 511 3458 ut
524 3399 594 3475 ipsis
607 3417 721 3458 summe
741 3401 854 3476 imperii
874 3401 1024 3460 trudetur:
1045 3412 1084 3469 et,
1098 3419 1130 3457 re
1150 3403 1180 3456 in

190 3489 416 3550 oontmversiem
443 3487 575 3558 deducte,
603 3489 690 3547 totius
718 3489 833 3547 Gellius
860 3489 1017 3546 concilium
1045 3488 1182 3544 Bibracte
1194 3491 1233 3544 35

191 3577 338 3638 iudicitur.
381 3577 491 3640 Eodem
506 3577 1007 3653 convenluntundiqueIrequentee.
1050 3573 1180 3635 Multitu-

189 3665 266 3736 dinis
287 3665 435 3744 suffragiis
462 3685 518 3726 res
537 3668 728 3744 permittitur.
760 3665 796 3723 sd
822 3681 913 3724 unum
937 3678 1036 3718 omnes
1058 3661 1180 3722 Vercin-

190 3757 350 3834 getorigem
378 3757 498 3834 probent
525 3758 737 3835 imperatorem.
779 3753 829 3810 Ab
856 3749 911 3808 hoc
938 3748 1061 3807 concilio
1085 3751 1217 3824 Remi,

190 3842 659 3920 Lingonee,Treviriequerunt:
674 3837 974 3916 illi,quqdemioitiem
984 3833 1184 3916 Romanorum

669 3933 705 3990 li
801 3933 804 3940 ⁴
