2826 4336
177 297 231 344 Car.
240 296 287 348 11]
552 289 651 340 nmen
666 289 833 338 SEPTIMUS.
1168 285 1228 343 139

175 451 259 492 cessu
274 449 364 508 quam
378 429 505 506 ipsorum
526 429 633 486 habere
648 428 788 486 beneficio
798 447 807 501 3
830 428 893 486 tali·
904 429 987 486 modo
1009 440 1173 501 aecusatus,

175 523 210 580 ad
219 524 292 580 haec
302 519 447 596 respondit
457 539 464 576 :
475 519 561 584 Quod
573 529 669 577 castra
680 519 824 588 movisset,
836 518 945 576 factum
956 521 1052 595 inopia
1063 520 1172 597 pabuli,

174 613 262 670 etiam
286 611 356 687 ipsis
376 607 573 666 hortantibus:
594 608 670 684 quod
695 608 812 684 pmpius
833 607 978 672 Romanos
993 611 1171 679 accessisset,

175 717 348 778 persuasum
370 698 427 754 loci
449 697 668 773 opportunitate,
683 698 733 773 qui
748 699 887 774 seipsum
901 698 1059 756 munitione
1073 691 1170 756 defen-

174 789 273 847 deret:
294 788 424 863 equitum
434 805 503 844 vero
517 783 633 862 operam
648 803 742 863 neque
757 787 787 842 in
802 787 865 844 loeo
879 788 1000 864 palustri
1014 787 1171 846 desiderari
1183 787 1203 846 't

173 877 317 947 debuisse,
335 886 364 934 et
384 876 449 933 illio
468 874 558 932 luisse
579 875 689 944 utilem,
711 891 768 950 quo
788 876 845 932 sint
868 875 1005 951 profecti:
1026 895 1171 936 summanr

173 967 287 1044 imperii
302 985 338 1023 se
359 965 489 1024 consulto
509 964 583 1022 nulli
597 963 791 1025 discedentem
808 965 969 1045 tradidisse,
984 985 1021 1024 ne
1035 966 1170 1026 11111111-

172 1057 280 1115 tudinis
302 1055 396 1113 studio
410 1053 445 1112 ad
466 1053 663 1113 dimicandum
683 1053 898 1129 impelleretur3
922 1055 971 1112 cui
992 1056 1034 1110 rei
1055 1066 1172 1130 propter

174 1146 263 1206 aniuu'
285 1143 436 1202 mollitiem
450 1143 566 1201 studere
580 1161 680 1200 omnes
694 1142 814 1212 videret,
829 1143 904 1218 quod
918 1143 1027 1200 diutius
1041 1144 1169 1200 laborem

173 1232 249 1292 serre
263 1247 320 1292 non
335 1242 457 1309 possent.
488 1231 612 1295 Romani
627 1232 651 1288 si
666 1249 739 1288 casu
753 1232 968 1300 intervenerint,
980 1229 1130 1303 fortunae,·
1145 1232 1169 1289 si
1185 1235 1221 1289 10

173 1322 300 1399 alicujus
314 1321 423 1380 indicio
435 1321 539 1392 vocati,
555 1321 624 1378 huic
638 1320 801 1378 habendam
821 1321 954 1396 gratiam,
969 1321 1043 1397 quod
1058 1330 1086 1378 et
1101 1340 1169 1396 pau·

172 1412 289 1469 citatem
316 1429 417 1468 eorum
442 1429 479 1468 ex
503 1411 566 1468 loco
589 1410 743 1484 superiore
765 1427 949 1485 cognoscere,
978 1419 1006 1466 et
1033 1409 1169 1468 virtutem

173 1499 321 1576 despicere
344 1500 508 1576 potuerint3
531 1500 590 1574 qui,
612 1499 751 1556 dimicare
771 1517 828 1556 non
850 1499 922 1568 ausi,
943 1500 1065 1575 turpiter
1086 1519 1118 1558 se
1138 1501 1169 1556 in

172 1600 268 1646 castra
291 1589 464 1665 receperint.
507 1587 665 1664 Imperium
682 1607 713 1644 se
728 1607 746 1644 a
759 1587 885 1645 Caesare
907 1607 959 1663 per
982 1587 1168 1665 proditionem

172 1679 287 1736 nullutn
301 1677 475 1746 desiderare,
485 1677 559 1752 quod
572 1677 679 1734 habere
688 1677 809 1736 victorie
823 1687 925 1752 posset,
935 1678 1082 1753 quaejam
1092 1690 1168 1738 esset
1184 1682 1220 1737 1⁵

172 1767 227 1823 sibi
242 1785 277 1825 11
291 1767 425 1826 omnibus
440 1765 535 1822 Gallis
549 1766 715 1842 explorata:
736 1767 807 1844 quin
822 1767 909 1824 etiam
923 1768 992 1844 ipsis
1011 1768 1167 1839 remittere,

172 1856 197 1912 si
211 1855 265 1912 sibi
280 1856 373 1932 magis
387 1856 525 1912 honorem
539 1855 675 1924 tribuere,
690 1873 779 1930 quem
794 1856 831 1912 ab
843 1875 875 1914 se
889 1857 1014 1914 salutem
1034 1859 1167 1934 accipere

171 1944 334 2002 videantur.
377 1942 461 2001 Haeo
476 1953 508 2001 ut
521 1943 699 2019 intelligatis,
711 1945 811 2018 inquit,
822 1945 935 2002 sincere
950 1965 968 2004 a
983 1965 1029 2003 me
1043 1964 1166 2022 pronun-

171 2034 246 2090 ciari
258 2053 267 2105 3
297 2032 393 2091 audite
418 2032 565 2090 Romanos
590 2033 706 2090 milites.
749 2032 885 2091 Producit
909 2052 1016 2104 servos,
1041 2037 1113 2111 qu'os
1136 2037 1167 2094 in

172 2122 355 2198 pabulatione
370 2123 472 2198 paucis
486 2131 552 2178 ante
567 2120 669 2180 diebus
683 2132 847 2198 exceperat,
855 2133 885 2180 et
899 2121 975 2181 same
983 2125 1166 2200 vinculisque
1179 2127 1219 2182 20

171 2211 402 2268 excruciarent.
445 2209 495 2279 Hi,
509 2210 571 2285 jam
585 2221 651 2267 ante
660 2209 761 2280 edocti,
771 2231 846 2286 quoe
861 2213 1028 2288 interrogati
1043 2232 1167 2288 pronun.

171 2300 290 2368 cierent,
307 2298 415 2356 Milites
428 2318 460 2356 se
474 2319 537 2356 esse
551 2299 725 2376 legionarios
738 2299 855 2357 dicunt:
878 2298 954 2356 fame
968 2311 996 2356 et
1010 2303 1105 2375 inopia
1119 2303 1167 2358 ad·

171 2385 273 2446 ductos
286 2387 364 2446 clam
379 2406 416 2446 ex
430 2387 536 2446 castris
548 2388 650 2456 exisse,
665 2388 773 2464 siquid
788 2387 925 2444 frumenti
940 2399 991 2443 aut
1006 2389 1117 2462 peeoris
1137 2391 1168 2446 in

171 2477 251 2553 agris
266 2477 392 2552 reperire
407 2486 538 2552 possent:
553 2476 640 2533 simili
654 2495 768 2534 omnem
779 2476 939 2533 exercitum
951 2476 1047 2550 inopia
1058 2478 1167 2551 premi:

170 2583 226 2623 nec
243 2565 306 2641 jam
326 2567 404 2622 vires
425 2564 559 2622 sufficere
580 2566 729 2640 cuiquam,
750 2583 805 2621 uec
829 2563 904 2620 ferre
923 2563 1018 2640 operis
1039 2563 1167 2622 laborem
1179 2573 1218 2626 25

170 2673 271 2730 posse:
293 2655 391 2730 itaque
405 2654 539 2712 statuisse
562 2655 772 2730 imperatorem,
787 2654 812 2710 si
826 2653 897 2708 nihil
912 2653 942 2708 in
956 2653 1168 2729 oppugnatione

169 2743 265 2818 oppidi
279 2742 456 2818 profecisset,
472 2737 568 2800 triduo
582 2743 743 2800 exercitum
757 2741 912 2800 deducere.
955 2741 1049 2812 Haec,
1064 2742 1166 2818 inquit,

123 2901 129 2908 ι
171 2849 189 2887 1
203 2849 258 2901 111,
274 2831 507 2907 Vercingetorix,
523 2831 664 2890 beneficia
684 2831 804 2901 habetis,
819 2849 905 2906 quem
920 2831 1085 2908 proditionis
1099 2833 1166 2890 insi-

170 2919 310 2992 mulatis3
333 2921 422 2994 eujus
433 2938 522 2995 opera
532 2920 593 2977 sine
608 2930 703 2978 vestro
723 2920 866 2996 sanguine
880 2930 991 2979 tantum
1006 2924 1167 2982 exercitum
1200 2969 1203 2974 .

171 3008 312 3066 victorem
327 3008 403 3066 same
419 3026 511 3084 paene
526 3021 729 3084 consumptum
744 3009 865 3082 videtis:
888 3029 984 3086 quem,
1000 3013 1122 3089 turpiter
1135 3033 1166 3071 se
1180 3021 1218 3076 30

171 3113 208 3154 ex
222 3096 278 3153 hac
294 3095 364 3173 suga
378 3097 575 3172 recipientem,
590 3116 627 3154 ne
641 3113 700 3174 qua
713 3098 817 3156 civitas
830 3101 892 3158 suis
913 3100 1020 3160 finibus
1034 3103 1165 3180 recipiat,

171 3201 191 3241 a
203 3203 250 3240 me
265 3185 417 3260 provisum·
427 3194 480 3242 est.
1005 3233 1009 3240 .

212 3271 293 3330 XXI.
322 3274 493 3333 Conclamat
521 3274 614 3332 omnis
646 3274 807 3346 multitudo,
836 3287 865 3335 et
891 3297 944 3336 suo
971 3297 1050 3338 more
1079 3281 1168 3336 111111

170 3371 345 3437 concrepat3
368 3363 445 3438 quod
468 3361 565 3420 111111
588 3363 618 3420 11
641 3382 675 3420 11
697 3375 881 3436 consuerunt,
903 3368 989 3444 cujus
1010 3368 1167 3424 orationem

90 3523 94 3530 Ι
171 3451 347 3525 approbant:
362 3451 528 3508 -Summum
548 3471 612 3510 esse
628 3451 897 3532 Vercingetorigem
919 3455 1034 3524 ducem,
1055 3471 1111 3509 nec
1131 3451 1219 3518 11135

169 3537 235 3612 ejus
255 3537 311 3595 fide
332 3537 542 3611 dubitandum3
565 3559 619 3598 nec
641 3541 749 3617 majore
772 3543 880 3600 ratione
902 3541 1011 3600 bellum
1032 3539 1167 3597 adminis-

161 3626 241 3683 trari
262 3643 355 3702 posse.
397 3627 542 3698 Statuunt,
559 3639 591 3686 ut
604 3629 709 3686 ducem
730 3630 822 3686 miliia
842 3630 990 3686 hominum
1004 3628 1117 3685 delecta
1130 3646 1167 3685 ex

168 3715 304 3774 omnibus
325 3716 416 3792 copiis
430 3717 460 3774 in
474 3717 610 3794 oppidum
630 3717 852 3776 submittantur:
873 3733 927 3772 neo
945 3715 1015 3772 solis
1030 3715 1166 3792 Biturigi·
1249 3757 1251 3762 -

169 3802 226 3862 bus
239 3821 424 3864 communem
438 3805 563 3864 11111111
575 3804 809 3865 committendam
822 3811 961 3877 censent3
983 3804 1059 3882 qnod
1079 3823 1168 3882 penes
