2826 4336
193 280 253 338 120
543 287 586 334 oa
604 285 710 334 arrio
727 283 870 334 csttroo
919 271 922 274 ’
1080 287 1230 341 [carcaa

240 425 361 484 dilectos
371 445 433 484 esse
448 425 603 493 constabat,
616 424 702 499 justis
717 423 869 485 funeribus
881 422 1030 495 coniectis,
1046 443 1231 484 unacrema·

240 517 354 572 bantur.

281 604 346 664 XX.
388 605 474 671 Quae
494 605 627 662 civitates
647 601 824 668 commodius
845 621 929 660 suam
950 603 1161 680 rempublicam
1182 604 1230 661 ad·

240 694 403 752 ministrare
417 695 627 762 existimantur,
643 693 749 750 habent
759 692 873 769 legibus
887 703 1032 763 sanctum,
1044 695 1071 750 si
1084 693 1150 770 quis
1162 693 1232 770 quid

209 782 275 840 bde
295 783 447 859 republica
466 801 484 840 a
506 782 637 840 finitimis
659 799 775 839 rumore
797 799 834 839 ac
857 780 935 838 fama
957 783 1111 858 acceperit,
1131 783 1173 840 nti
1195 782 1231 839 ad

241 873 441 949 magistratum
455 870 584 946 deierst;
605 886 680 929 neve
693 889 763 928 curn
775 889 833 946 quc
853 871 911 928 alio
925 873 1135 943 communicat;
1157 871 1233 946 quod

241 981 327 1037 saepe
348 963 478 1020 homines
500 961 667 1029 temerarios
690 970 776 1035 atque
798 961 945 1036 imperitos
970 957 1050 1016 falsis
1069 961 1235 1018 rumoribus

241 1052 353 1121 terreri,
368 1062 397 1109 et
411 1051 447 1108 ad
462 1050 577 1108 facinus
597 1049 716 1127 impelli,
731 1047 808 1106 etde
828 1049 951 1106 summis
971 1049 1057 1106 rebus
1078 1049 1234 1106 consilium

241 1157 346 1217 capere
360 1142 507 1218 cognitum
521 1150 574 1197 est.
617 1139 813 1216 Magistratus,
825 1157 901 1214 quse
910 1138 973 1194 visa
982 1147 1057 1208 sunt,
1067 1137 1232 1209 occultant3

192 1233 230 1288 10
242 1249 376 1307 quaeque
397 1250 461 1289 esse
482 1250 518 1288 cx
540 1249 595 1288 usu
613 1229 818 1306 judicaverint,
840 1227 1017 1286 multitudini
1039 1227 1177 1303 produnt:
1198 1227 1235 1284 da

243 1323 402 1400 republica,
416 1323 471 1380 nisi
486 1341 537 1398 per
551 1319 716 1388 concilium,
731 1319 809 1394 loqui
824 1337 880 1376 non
894 1317 1072 1376 conceditur.

284 1412 365 1470 XXI.
399 1413 539 1472 Germani
562 1410 685 1468 multum
708 1409 744 1466 ab
767 1410 822 1468 hac
846 1408 1055 1466 consuetudine
1080 1405 1234 1466 differunt:

242 1519 310 1558 narn
324 1521 419 1576 neque
432 1499 558 1558 Druides
572 1500 685 1568 babent,
700 1499 750 1572 qui
766 1498 852 1562 rebus
866 1497 970 1554 divinis
983 1499 1125 1574 praesint;
1141 1515 1237 1574 neque

242 1589 394 1644 sacn'ficiis
407 1588 530 1645 student.
573 1586 701 1642 Deorum
722 1603 843 1643 numero
864 1603 913 1642 eos
934 1586 1009 1644 solos
1029 1585 1149 1655 ducunt,
1164 1605 1239 1662 quos

193 1677 228 1731 1⁵
242 1685 373 1744 cernunt,
395 1685 423 1731 et
444 1691 567 1748 quorum
590 1681 687 1747 aperte
707 1673 809 1747 opibus
826 1674 977 1747 juvantur,
992 1674 1099 1745 Solem,
1120 1685 1148 1733 et
1162 1674 1235 1732 Vul-

242 1780 358 1829 canum,
382 1771 410 1817 et
433 1760 568 1817 Lunam:
594 1761 719 1834 reliquos
742 1778 778 1815 ne
803 1759 881 1816 fama
905 1761 1021 1834 quidem
1047 1774 1237 1838 acceperunt.

242 1849 311 1908 Vita
324 1849 417 1906 omnis
427 1850 457 1904 in
472 1847 669 1904 venationibus
689 1857 775 1920 atque
790 1848 820 1904 in
841 1848 942 1903 studiis
957 1850 999 1904 rei
1021 1849 1155 1907 militaris
1169 1872 1237 1910 con-

241 1939 330 1995 sistit:
353 1937 389 1992 ab
403 1935 531 2011 parvulis
545 1935 637 1991 labori
654 1953 689 1992 ao
703 1935 827 1992 duritiae
841 1933 965 1992 student.
998 1936 1060 2001 Qui
1074 1937 1238 2000 diutissime

242 2025 405 2101 impuberes
420 2033 647 2099 permanserunt,
657 2025 814 2082 maximam
826 2024 901 2082 inter
913 2042 983 2082 suos
994 2024 1090 2084 ierunt
1100 2026 1237 2089 laudern:

189 2117 230 2172 20
242 2117 295 2174 hoo
310 2114 349 2171 ali
363 2122 513 2183 staturam,
529 2111 568 2170 ali
583 2111 636 2169 hoc
651 2113 736 2182 vires,
751 2128 914 2188 nervosque
931 2114 1108 2185 confirmari,
1123 2127 1236 2192 putant.

240 2200 321 2262 lutra
341 2221 449 2262 annum
465 2221 534 2260 vero
548 2203 719 2260 vicesimum
741 2199 866 2260 feminae
888 2203 1018 2260 notitiam
1040 2205 1184 2276 habuisse,
1206 2206 1237 2264 in

240 2293 413 2370 turpissimis
423 2292 532 2366 habent
546 2291 651 2350 rebus:
673 2291 759 2368 cujus
774 2292 815 2348 rei
829 2291 911 2348 nulla
925 2301 969 2350 est
981 2293 1146 2364 occultatio,
1160 2293 1236 2369 quod

241 2395 271 2442 ct
285 2383 447 2460 promiscue
461 2383 491 2438 in
506 2382 673 2440 fluminibus
694 2381 876 2458 perluuntur,
892 2391 920 2440 et
935 2381 1061 2459 pellibus
1075 2394 1125 2442 aut
1139 2384 1236 2460 parvis

242 2471 402 2532 rhenonum
416 2472 590 2550 tegumentis
606 2479 734 2541 utuntur,
751 2473 998 2548 magnacorporis
1012 2484 1093 2548 parte
1106 2472 1195 2532 nuda.

189 2562 230 2620 25
284 2561 380 2622 XXII.
411 2562 621 2638 Agriculturae
644 2579 701 2618 non
723 2560 861 2632 student;
882 2561 1031 2637 majorque
1055 2581 1121 2637 pars
1143 2563 1236 2620 victus

243 2671 343 2711 eorum
358 2655 388 2709 in
406 2651 601 2721 lacta-caseo,
624 2669 712 2726 carne
726 2650 854 2708 consistit
861 2670 873 2706 r
895 2669 989 2726 neque
1003 2653 1157 2728 quisquam
1172 2650 1236 2726 agri

244 2743 359 2801 modum
374 2751 486 2800 certum
507 2751 557 2802 aut
578 2741 650 2800 fines
664 2739 749 2798 habet
769 2740 914 2815 proprios3
938 2739 989 2798 sed
1003 2741 1187 2817 magistratus
1200 2757 1236 2796 ac

244 2833 389 2906 principes
402 2832 432 2886 iu
447 2847 538 2888 annos
558 2829 699 2906 singulos·
708 2828 842 2904 gentibus
856 2828 1132 2905 cognationibusque
1147 2827 1235 2886 horni-

244 2935 324 2986 num,
339 2919 389 2991 qui
404 2935 463 2974 una
476 2923 616 2987 coierunt,
631 2929 781 2992 quantum,
796 2928 824 2974 st
842 2936 900 2992 quo
920 2917 983 2974 loco
998 2919 1092 2976 visum
1106 2927 1158 2986 est,
1174 2917 1237 2994 agri

194 3010 232 3064 ³0
245 3005 412 3072 attribuunt,
428 3014 514 3079 etqua
537 3025 612 3063 anuo
634 3016 695 3082 post
717 3005 774 3066 alio
794 3006 917 3064 transire
940 3015 1056 3081 cogunt.
1099 3005 1173 3081 Ejus
1194 3005 1238 3062 rei

244 3092 352 3150 multas
366 3091 488 3153 afferunt
503 3109 627 3166 oausas3
649 3113 697 3164 ne,
713 3095 830 3152 assidua
850 3092 1056 3154 cousuetudine
1077 3094 1163 3168 capti,
1177 3105 1236 3150 stu·

244 3181 324 3238 diurn
350 3181 419 3238 belli
442 3180 565 3256 gerundi
589 3183 769 3258 agricultura
793 3191 987 3252 commutent3
1009 3199 1046 3238 ne
1068 3181 1141 3238 latos
1161 3181 1235 3240 fines

245 3286 349 3348 parare
363 3269 505 3338 studeant,
521 3272 750 3346 potentioresque
765 3273 932 3331 humiliores
949 3270 1174 3348 possessionibus
1187 3287 1235 3328 ex-

246 3359 373 3437 pellant;
404 3377 442 3416 ne
466 3359 643 3428 accuratius,
669 3361 704 3416 ad
730 3359 839 3436 frigora
863 3371 950 3437 atque
977 3369 1074 3420 aestus
1098 3359 1236 3430 vitandos,

195 3455 233 3512 35
246 3449 416 3519 aedificent3
450 3465 486 3504 ne
511 3465 569 3522 qua
591 3448 701 3506 oriatur
723 3450 863 3524 pecuniae
886 3448 1119 3526 cupiditasque
1147 3466 1237 3512 exre

246 3539 385 3598 factiones
398 3537 645 3611 dissensionesque
663 3547 823 3596 nascuntur
832 3558 841 3610 3
865 3549 897 3596 ut
918 3539 1008 3606 animi
1021 3539 1165 3612 aequitate
1180 3537 1236 3614 pls-

246 3628 312 3686 bem
326 3627 499 3696 contineant,
520 3643 611 3700 quum
632 3644 701 3684 suas
723 3627 846 3702 quisque
864 3645 933 3703 opes
953 3645 1023 3684 cum
1037 3627 1239 3703 potentissimis

247 3717 366 3791 aequari
380 3715 485 3774 videat.

288 3803 397 3864 XXIII.
419 3804 593 3864 Civitatibus
606 3805 734 3862 maxima
754 3805 819 3862 laus
838 3814 993 3896 est,.qqam
1014 3789 1170 3864 latidimas
1183 3805 1238 3861 cir·
