2826 4336
201 268 243 330 aa
551 277 595 324 nu
614 275 719 324 cauno
734 273 876 322 caturco
1086 270 1237 323 [cresi-aa.

293 415 401 478 xxxi.
424 415 533 491 Itaque,
548 431 648 470 rursus
661 412 858 486 conjuratione
873 409 959 478 facta,
974 407 1113 484 paulatim
1125 423 1239 464 excas-

252 507 304 564 tris
326 505 483 574 discedere,
505 521 540 560 ac
561 521 627 560 suos
648 502 726 558 clam
747 519 783 556 ex
807 501 885 574 agris
906 498 1048 554 deducere
1070 504 1239 570 coeperunt.

252 595 295 652 At
307 594 425 662 Caesar,
440 594 492 650 etsi
506 591 632 648 nondum
647 607 747 646 eorum
768 589 891 646 consilia¹
901 594 1084 662 cognoverat,
1099 591 1196 640 tamen
1209 589 1240 640 et

252 702 288 740 ex
301 691 406 740 eventu
420 681 538 738 navium
553 697 681 746 suarum,
696 687 724 734 et
738 695 774 734 ex
788 697 830 745 eo,
846 676 922 751 qued
935 672 1048 732 obsides
1068 673 1137 730 dare
1151 673 1238 729 inter·

221 771 239 824 5
252 771 397 838 miserant,
410 767 469 826 fore
480 767 508 824 id
519 766 709 843 quodaccidit
721 765 932 842 suspicabatur.
975 763 1075 837 Itaque
1089 761 1125 818 ad
1139 779 1238 846 omnes

252 877 338 916 casus
352 857 480 914 subsidia
494 856 693 931 comparabat:
715 870 782 910 narn
794 863 823 910 et
834 853 1061 909 frumentum'ex
1077 851 1154 926 agris
1168 867 1237 924 quo-

186 981 189 988 ,
251 947 319 1005 tidie
333 947 363 1002 in
377 955 472 1002 castra
493 943 665 1012 conferebat,
680 952 717 1011 et,
739 961 813 1016 quae
832 942 1003 1018 gravissime
1018 940 1141 996 afflictae
1155 946 1239 996 eraut

248 1051 455 1104 naves,earum
481 1033 602 1088 materia
618 1041 703 1105 atque
718 1049 785 1087 sere
800 1029 836 1086 ad
851 1031 978 1104 reliquas
992 1027 1161 1086 reficiendas
1176 1036 1237 1082 ute-

252 1122 345 1189 batur,
361 1131 389 1178 et
402 1139 477 1196 quae
492 1120 526 1176 ad
538 1139 587 1176 eas
602 1129 743 1178 reserant
758 1120 832 1187 usui,
847 1137 884 1176 ex
898 1119 1052 1176 continenti
1066 1115 1238 1190 comportari

203 1213 239 1268 10
250 1210 379 1284 jubebat.
420 1209 529 1284 ltaque,
544 1227 634 1283 quum
646 1208 674 1262 id
688 1215 800 1264 summo
813 1207 906 1264 studio
921 1227 938 1263 a
952 1207 1089 1264 militibus
1103 1204 1246 1262 adminis-

252 1307 385 1366 traretur,
401 1296 550 1354 duodecim
564 1296 687 1352 navibus
702 1293 823 1366 arnissis,
837 1296 955 1371 reliquis
970 1306 1001 1353 ut
1014 1295 1146 1370 navigari
1160 1311 1236 1350 com·
1318 1317 1319 1320 ¹

252 1385 334 1444 mode
348 1395 454 1460 posset,
464 1384 568 1442 effecit.
972 1407 974 1412 ’
1179 1407 1184 1412 ·

293 1473 416 1532 XXXII.
439 1471 517 1530 Dum
538 1491 573 1530 ea
594 1483 746 1550 geruntur,
761 1472 873 1550 legione
891 1491 927 1530 ex
950 1472 1157 1530 consuetudine
1178 1490 1238 1528 una

253 1561 458 1618 frumentatum
472 1563 567 1630 missa,
582 1580 657 1636 quae
673 1563 871 1637 appellabatur
881 1563 1012 1637 septima,
1024 1578 1117 1636 neque
1130 1560 1190 1616 ulla
1201 1559 1238 1617 ad

203 1657 239 1712 15
253 1650 282 1706 id
295 1659 407 1725 tempus
428 1651 496 1707 belli
516 1651 678 1725 suspicione
701 1651 875 1725 interposita,
895 1669 985 1724 quum
1000 1667 1065 1724 pars
1088 1649 1239 1706 hominurn

252 1739 282 1794 in
297 1739 375 1815 agris
388 1748 557 1807 remaneret,
573 1757 640 1814 pars
654 1739 741 1795 etlam
756 1739 785 1794 in
800 1749 896 1796 castra
909 1739 1070 1806 ventitaret,
1081 1738 1109 1806 ii,
1120 1737 1170 1810 qui
1185 1754 1239 1811 pro

252 1828 340 1904 portis
362 1837 521 1886 castrorum
543 1827 572 1882 in
595 1828 714 1884 statione
736 1837 825 1895 erant,
840 1827 959 1902 Caesari
982 1825 1236 1894 renunciaverunt,

252 1916 401 1991 pulverem
429 1916 576 1991 majorem,
602 1931 689 1990 quarn
717 1915 891 1972 consuetudo
917 1913 1013 1983 ferret,
1041 1915 1070 1969 in
1095 1932 1130 1970 ea
1155 1923 1237 1988 parte

252 2005 352 2074 videri,
368 2024 456 2080 quarn
470 2006 499 2060 in
521 2014 631 2080 partam
654 2005 730 2081 legio
750 2006 804 2062 iter
819 2003 943 2060 fecisset.
985 2003 1102 2071 Caesar,
1117 2001 1146 2058 id
1160 2003 1237 2077 quod

199 2098 239 2156 20
252 2104 322 2162 erat,
338 2095 508 2168 suspicatus,
532 2093 640 2168 aliquid
661 2095 726 2150 novi
747 2113 765 2149 a
783 2091 916 2149 barbaris
937 2093 1038 2169 initum
1053 2091 1174 2160 consilii,
1190 2111 1236 2150 co·

251 2182 354 2251 hones,
369 2200 443 2256 quae
457 2182 488 2238 in
501 2182 669 2239 stationibus
687 2191 777 2251 erant,
792 2201 892 2239 secum
913 2183 942 2238 in
963 2199 1027 2238 eam
1042 2190 1152 2255 partem
1174 2199 1236 2257 pro-

251 2269 352 2338 ficisci,
380 2269 452 2326 duas
479 2289 516 2326 ex
544 2271 662 2346 reliquis
686 2272 716 2327 in
740 2272 891 2328 stationem
918 2270 1082 2338 succedere,
1109 2269 1237 2344 reliquas

252 2360 366 2428 armari,
382 2368 410 2416 et
424 2357 573 2416 confestim
594 2379 657 2416 sess
670 2360 807 2434 subsequi
825 2360 920 2434 jussit.
961 2359 1061 2423 Quum
1076 2358 1163 2432 paulo
1177 2359 1235 2414 lon-

251 2449 316 2524 gius
326 2467 342 2505 a
353 2450 455 2506 castris
466 2449 658 2524 processisset,
674 2467 740 2505 suos
751 2449 788 2504 ab
797 2449 924 2506 hostibus
937 2448 1037 2524 premi,
1046 2456 1134 2521 atque
1150 2465 1237 2524 aegre

198 2545 238 2600 25
251 2537 401 2607 sustinere,
411 2547 440 2600 et
452 2535 583 2595 conferta
593 2536 705 2612 legione
714 2555 751 2594 ex
765 2538 897 2594 omnibus
912 2537 1041 2614 partibus
1050 2536 1108 2592 tela
1123 2537 1236 2610 conjici,

252 2626 460 2684 animadvertit.
502 2625 581 2683 Nam
594 2625 679 2700 quod,
690 2625 767 2682 omni
781 2643 818 2681 ex
833 2626 952 2700 reliquis
967 2625 1095 2701 partibus
1109 2625 1237 2682 demesso

251 2712 402 2784 frumento,
418 2733 484 2790 pars
499 2733 557 2770 una
570 2724 633 2771 erat
653 2713 773 2789 reliqua,
788 2716 926 2789 suspicati
940 2715 1041 2782 hostes,
1057 2715 1115 2770 huc
1129 2723 1238 2770 nostros

250 2820 314 2858 esse
328 2813 472 2870 venturos,
488 2812 574 2859 noctu
588 2803 618 2858 in
637 2801 717 2858 silvis
737 2801 927 2859 delituerant:
949 2812 1010 2860 tum
1024 2803 1174 2876 dispersos,
1190 2803 1238 2860 de·

251 2889 347 2960 positis
371 2889 468 2955 annia,
497 2889 527 2944 in
554 2890 685 2946 metendo
713 2901 868 2965 occupatos
890 2891 984 2948 subito
1010 2891 1110 2959 adorti,
1136 2891 1238 2966 paucis

200 2984 238 3038 30
251 2974 415 3044 interfectis,
431 2975 556 3048 reliquos
570 2977 688 3034 incertis
707 2978 854 3036 ordinibus
875 2980 1128 3054 perturbaverant:
1150 2979 1236 3038 simul

251 3062 380 3134 equitatu
395 3071 480 3134 atque
494 3063 601 3120 essedis
615 3065 874 3126 circumdederant.

280 3148 429 3206 XXXIII.
460 3147 561 3208 Genus
585 3152 638 3207 hoc
662 3163 705 3209 cst
729 3172 765 3210 ex
788 3156 895 3212 essedis
919 3175 1050 3232 pugnae:
1072 3157 1164 3232 primo
1188 3175 1238 3232 per

250 3255 349 3294 omnes
362 3246 459 3311 partes
472 3239 660 3312 perequitant,
672 3251 701 3296 et
709 3242 766 3300 tela
780 3243 946 3319 conjiciunt,
959 3255 1044 3320 atque
1054 3245 1115 3319 ipso
1129 3255 1238 3304 terrore

251 3342 390 3399 equorum
404 3325 566 3398 etstrepitu
588 3334 714 3382 rotarum
728 3330 844 3388 ordines
858 3333 1026 3407 plerumque
1048 3333 1236 3407 perturbant5

200 3425 237 3478 35
251 3424 279 3472 ct
299 3431 389 3489 quum
411 3431 442 3470 se
462 3412 536 3468 inter
554 3412 683 3487 equitum
704 3419 813 3474 turmas
832 3405 1049 3488 insinuaverint,
1071 3439 1107 3478 ex
1131 3423 1238 3480 essedis

250 3501 394 3571 desiliunt,
409 3499 570 3575 etpedibus
585 3499 769 3576 proeliantur.
812 3506 944 3584 Aurigae
965 3510 1080 3566 interim
1097 3511 1238 3584 paulatim

250 3610 286 3648 ex
301 3592 407 3666 proelio
428 3589 579 3660 excedunt,
596 3598 681 3664 atque
704 3590 744 3646 ita
760 3610 865 3650 currus
887 3596 1038 3666 collocant,
1054 3607 1094 3666 ut,
1111 3599 1135 3654 si
1156 3598 1200 3656 illi
1221 3619 1240 3656 a

249 3679 431 3738 multitudine
446 3679 569 3738 hostiurn
583 3687 759 3754 premantur,
774 3682 939 3755 expeditum
954 3685 990 3740 ad
1004 3703 1072 3742 suos
1087 3697 1238 3762 receptum

250 3765 384 3824 habeant.
426 3767 470 3826 Ita
491 3767 677 3828 mobilitatem
697 3768 836 3848 equitum,
852 3772 1037 3829 stabilitatem
1057 3773 1187 3848 pediturn
1208 3777 1237 3833 ia
