<?xml version="1.0" encoding="UTF-8"?>
<!DOCTYPE html PUBLIC "-//W3C//DTD XHTML 1.0 Transitional//EN"
    "http://www.w3.org/TR/xhtml1/DTD/xhtml1-transitional.dtd">
<html xmlns="http://www.w3.org/1999/xhtml" xml:lang="en" lang="en">
 <head>
  <title>
</title>
<meta http-equiv="Content-Type" content="text/html;charset=utf-8" />
  <meta name='ocr-system' content='tesseract 3.04.00' />
  <meta name='ocr-capabilities' content='ocr_page ocr_carea ocr_par ocr_line ocrx_word'/>
</head>
<body>
  <div class='ocr_page' id='page_1' title='image "./cjuliuscaesarsc00spengoog_0118.png"; bbox 0 0 2844 4340; ppageno 0'>
   <div class='ocr_carea' id='block_1_1' title="bbox 160 302 1200 369">
    <p class='ocr_par' dir='ltr' id='par_1_1' title="bbox 160 302 1200 369">
     <span class='ocr_line' id='line_1_1' title="bbox 160 302 1200 369; baseline 0.003 -12"><span class='ocrx_word' id='word_1_1' title='bbox 160 302 220 364; x_wconf 67' lang='lat' dir='ltr'><strong>1OE</strong></span> <span class='ocrx_word' id='word_1_2' title='bbox 511 313 555 362; x_wconf 74' lang='lat' dir='ltr'><strong>DE</strong></span> <span class='ocrx_word' id='word_1_3' title='bbox 572 311 676 369; x_wconf 74' lang='lat' dir='ltr'><strong>BELLO</strong></span> <span class='ocrx_word' id='word_1_4' title='bbox 698 312 841 360; x_wconf 72' lang='lat' dir='ltr'><strong>Gannico</strong></span> <span class='ocrx_word' id='word_1_5' title='bbox 1046 313 1200 366; x_wconf 60' lang='grc'><strong>[13111155.</strong></span> 
     </span>
    </p>
   </div>
   <div class='ocr_carea' id='block_1_2' title="bbox 161 447 1203 1412">
    <p class='ocr_par' dir='ltr' id='par_1_2' title="bbox 161 447 1203 1412">
     <span class='ocr_line' id='line_1_2' title="bbox 211 447 1198 528; baseline -0.002 -18"><span class='ocrx_word' id='word_1_6' title='bbox 211 452 331 528; x_wconf 80' lang='lat' dir='ltr'><strong>perlato,</strong></span> <span class='ocrx_word' id='word_1_7' title='bbox 345 461 444 510; x_wconf 80' lang='lat' dir='ltr'><strong>onmes</strong></span> <span class='ocrx_word' id='word_1_8' title='bbox 467 449 528 510; x_wconf 84' lang='lat' dir='ltr'><strong>fere</strong></span> <span class='ocrx_word' id='word_1_9' title='bbox 551 450 665 510; x_wconf 85' lang='lat' dir='ltr'><strong>Galliae</strong></span> <span class='ocrx_word' id='word_1_10' title='bbox 688 451 820 508; x_wconf 88' lang='lat' dir='ltr'><strong>civitates</strong></span> <span class='ocrx_word' id='word_1_11' title='bbox 838 448 874 506; x_wconf 88' lang='lat' dir='ltr'><strong>de</strong></span> <span class='ocrx_word' id='word_1_12' title='bbox 893 449 969 506; x_wconf 85' lang='lat' dir='ltr'><strong>hello</strong></span> <span class='ocrx_word' id='word_1_13' title='bbox 989 447 1198 519; x_wconf 85' lang='lat' dir='ltr'><strong>consultabant,</strong></span> 
     </span>
     <span class='ocr_line' id='line_1_3' title="bbox 210 539 1200 618; baseline 0 -20"><span class='ocrx_word' id='word_1_14' title='bbox 210 541 333 600; x_wconf 76' lang='lat' dir='ltr'><strong>nuncios</strong></span> <span class='ocrx_word' id='word_1_15' title='bbox 351 541 568 618; x_wconf 74' lang='lat' dir='ltr'><strong>legationesque</strong></span> <span class='ocrx_word' id='word_1_16' title='bbox 590 541 620 598; x_wconf 91' lang='lat' dir='ltr'><strong>in</strong></span> <span class='ocrx_word' id='word_1_17' title='bbox 641 559 741 598; x_wconf 90' lang='lat' dir='ltr'><strong>omnes</strong></span> <span class='ocrx_word' id='word_1_18' title='bbox 759 550 856 617; x_wconf 88' lang='lat' dir='ltr'><strong>partes</strong></span> <span class='ocrx_word' id='word_1_19' title='bbox 876 539 1064 607; x_wconf 80' lang='lat' dir='ltr'><strong>dimittebant,</strong></span> <span class='ocrx_word' id='word_1_20' title='bbox 1078 550 1114 608; x_wconf 85' lang='lat' dir='ltr'><strong>et,</strong></span> <span class='ocrx_word' id='word_1_21' title='bbox 1128 539 1200 615; x_wconf 91' lang='lat' dir='ltr'><strong>quid</strong></span> 
     </span>
     <span class='ocr_line' id='line_1_4' title="bbox 211 628 1198 706; baseline -0.002 -18"><span class='ocrx_word' id='word_1_22' title='bbox 211 629 317 706; x_wconf 78' lang='lat' dir='ltr'><strong>reliqui</strong></span> <span class='ocrx_word' id='word_1_23' title='bbox 344 630 456 688; x_wconf 87' lang='lat' dir='ltr'><strong>consilii</strong></span> <span class='ocrx_word' id='word_1_24' title='bbox 485 640 630 706; x_wconf 82' lang='lat' dir='ltr'><strong>caperent,</strong></span> <span class='ocrx_word' id='word_1_25' title='bbox 651 641 737 706; x_wconf 90' lang='lat' dir='ltr'><strong>atque</strong></span> <span class='ocrx_word' id='word_1_26' title='bbox 766 629 842 688; x_wconf 90' lang='lat' dir='ltr'><strong>uude</strong></span> <span class='ocrx_word' id='word_1_27' title='bbox 870 629 984 686; x_wconf 86' lang='lat' dir='ltr'><strong>initium</strong></span> <span class='ocrx_word' id='word_1_28' title='bbox 1013 628 1082 685; x_wconf 90' lang='lat' dir='ltr'><strong>belli</strong></span> <span class='ocrx_word' id='word_1_29' title='bbox 1108 629 1198 696; x_wconf 87' lang='lat' dir='ltr'><strong>fieret,</strong></span> 
     </span>
     <span class='ocr_line' id='line_1_5' title="bbox 212 717 1198 795; baseline -0.001 -20"><span class='ocrx_word' id='word_1_30' title='bbox 212 718 408 795; x_wconf 72' lang='lat' dir='ltr'><strong>explorabant,</strong></span> <span class='ocrx_word' id='word_1_31' title='bbox 424 729 624 795; x_wconf 81' lang='lat' dir='ltr'><strong>nocturnaque</strong></span> <span class='ocrx_word' id='word_1_32' title='bbox 638 720 668 778; x_wconf 92' lang='lat' dir='ltr'><strong>in</strong></span> <span class='ocrx_word' id='word_1_33' title='bbox 682 719 754 776; x_wconf 91' lang='lat' dir='ltr'><strong>locis</strong></span> <span class='ocrx_word' id='word_1_34' title='bbox 766 718 887 776; x_wconf 76' lang='lat' dir='ltr'><strong>desertis</strong></span> <span class='ocrx_word' id='word_1_35' title='bbox 901 717 1026 776; x_wconf 87' lang='lat' dir='ltr'><strong>concilia</strong></span> <span class='ocrx_word' id='word_1_36' title='bbox 1044 717 1198 775; x_wconf 88' lang='lat' dir='ltr'><strong>habebant.</strong></span> 
     </span>
     <span class='ocr_line' id='line_1_6' title="bbox 180 806 1201 884; baseline 0 -18"><span class='ocrx_word' id='word_1_37' title='bbox 180 807 318 883; x_wconf 80' lang='lat' dir='ltr'><strong>5Neqne</strong></span> <span class='ocrx_word' id='word_1_38' title='bbox 347 807 440 864; x_wconf 90' lang='lat' dir='ltr'><strong>ullum</strong></span> <span class='ocrx_word' id='word_1_39' title='bbox 465 807 525 866; x_wconf 84' lang='lat' dir='ltr'><strong>fere</strong></span> <span class='ocrx_word' id='word_1_40' title='bbox 546 810 632 868; x_wconf 88' lang='lat' dir='ltr'><strong>totius</strong></span> <span class='ocrx_word' id='word_1_41' title='bbox 656 809 760 866; x_wconf 88' lang='lat' dir='ltr'><strong>hiemis</strong></span> <span class='ocrx_word' id='word_1_42' title='bbox 782 819 896 884; x_wconf 89' lang='lat' dir='ltr'><strong>tempus</strong></span> <span class='ocrx_word' id='word_1_43' title='bbox 920 808 981 864; x_wconf 83' lang='lat' dir='ltr'><strong>sine</strong></span> <span class='ocrx_word' id='word_1_44' title='bbox 1006 806 1201 866; x_wconf 86' lang='lat' dir='ltr'><strong>sollicitudine</strong></span> 
     </span>
     <span class='ocr_line' id='line_1_7' title="bbox 212 895 1200 973; baseline -0.001 -18"><span class='ocrx_word' id='word_1_45' title='bbox 212 897 347 955; x_wconf 86' lang='lat' dir='ltr'><strong>Caesaris</strong></span> <span class='ocrx_word' id='word_1_46' title='bbox 359 897 529 966; x_wconf 81' lang='lat' dir='ltr'><strong>intercessit,</strong></span> <span class='ocrx_word' id='word_1_47' title='bbox 540 899 612 973; x_wconf 91' lang='lat' dir='ltr'><strong>quin</strong></span> <span class='ocrx_word' id='word_1_48' title='bbox 627 897 754 972; x_wconf 80' lang='lat' dir='ltr'><strong>aliquem</strong></span> <span class='ocrx_word' id='word_1_49' title='bbox 764 897 800 956; x_wconf 93' lang='lat' dir='ltr'><strong>de</strong></span> <span class='ocrx_word' id='word_1_50' title='bbox 814 896 945 954; x_wconf 89' lang='lat' dir='ltr'><strong>conciliis</strong></span> <span class='ocrx_word' id='word_1_51' title='bbox 959 913 994 954; x_wconf 86' lang='lat' dir='ltr'><strong>ae</strong></span> <span class='ocrx_word' id='word_1_52' title='bbox 1009 903 1087 954; x_wconf 87' lang='lat' dir='ltr'><strong>motu</strong></span> <span class='ocrx_word' id='word_1_53' title='bbox 1103 895 1200 954; x_wconf 86' lang='lat' dir='ltr'><strong>Gallo-</strong></span> 
     </span>
     <span class='ocr_line' id='line_1_8' title="bbox 213 985 1200 1062; baseline 0 -20"><span class='ocrx_word' id='word_1_54' title='bbox 213 1003 279 1044; x_wconf 85' lang='lat' dir='ltr'><strong>rum</strong></span> <span class='ocrx_word' id='word_1_55' title='bbox 300 985 442 1043; x_wconf 90' lang='lat' dir='ltr'><strong>nunoium</strong></span> <span class='ocrx_word' id='word_1_56' title='bbox 465 987 621 1062; x_wconf 87' lang='lat' dir='ltr'><strong>acciperet.</strong></span> <span class='ocrx_word' id='word_1_57' title='bbox 664 986 697 1044; x_wconf 90' lang='lat' dir='ltr'><strong>Iu</strong></span> <span class='ocrx_word' id='word_1_58' title='bbox 711 987 757 1044; x_wconf 89' lang='grc'><strong>1111</strong></span> <span class='ocrx_word' id='word_1_59' title='bbox 770 987 806 1044; x_wconf 93' lang='lat' dir='ltr'><strong>ab</strong></span> <span class='ocrx_word' id='word_1_60' title='bbox 822 985 857 1044; x_wconf 88' lang='lat' dir='ltr'><strong>L.</strong></span> <span class='ocrx_word' id='word_1_61' title='bbox 875 985 981 1044; x_wconf 86' lang='lat' dir='ltr'><strong>Roscio</strong></span> <span class='ocrx_word' id='word_1_62' title='bbox 994 985 1097 1062; x_wconf 82' lang='lat' dir='ltr'><strong>legato,</strong></span> <span class='ocrx_word' id='word_1_63' title='bbox 1112 1002 1200 1060; x_wconf 89' lang='lat' dir='ltr'><strong>quem</strong></span> 
     </span>
     <span class='ocr_line' id='line_1_9' title="bbox 211 1072 1200 1151; baseline 0.001 -22"><span class='ocrx_word' id='word_1_64' title='bbox 211 1072 319 1150; x_wconf 84' lang='lat' dir='ltr'><strong>legioni</strong></span> <span class='ocrx_word' id='word_1_65' title='bbox 332 1091 387 1132; x_wconf 79' lang='lat' dir='ltr'><strong>rur</strong></span> <span class='ocrx_word' id='word_1_66' title='bbox 401 1073 590 1149; x_wconf 76' lang='lat' dir='ltr'><strong>praefecerat,</strong></span> <span class='ocrx_word' id='word_1_67' title='bbox 606 1076 711 1131; x_wconf 87' lang='lat' dir='ltr'><strong>certior</strong></span> <span class='ocrx_word' id='word_1_68' title='bbox 730 1086 773 1132; x_wconf 87' lang='lat' dir='ltr'><strong>est</strong></span> <span class='ocrx_word' id='word_1_69' title='bbox 794 1075 896 1144; x_wconf 85' lang='lat' dir='ltr'><strong>factus,</strong></span> <span class='ocrx_word' id='word_1_70' title='bbox 913 1073 1035 1151; x_wconf 85' lang='lat' dir='ltr'><strong>Magnas</strong></span> <span class='ocrx_word' id='word_1_71' title='bbox 1048 1073 1200 1132; x_wconf 82' lang='lat' dir='ltr'><strong>Gallorum</strong></span> 
     </span>
     <span class='ocr_line' id='line_1_10' title="bbox 212 1152 1200 1241; baseline -0.002 -19"><span class='ocrx_word' id='word_1_72' title='bbox 212 1164 310 1240; x_wconf 85' lang='lat' dir='ltr'><strong>copias</strong></span> <span class='ocrx_word' id='word_1_73' title='bbox 323 1181 424 1222; x_wconf 87' lang='lat' dir='ltr'><strong>aarum</strong></span> <span class='ocrx_word' id='word_1_74' title='bbox 439 1163 598 1233; x_wconf 83' lang='lat' dir='ltr'><strong>civitatum,</strong></span> <span class='ocrx_word' id='word_1_75' title='bbox 612 1183 687 1239; x_wconf 89' lang='lat' dir='ltr'><strong>quae</strong></span> <span class='ocrx_word' id='word_1_76' title='bbox 703 1165 875 1222; x_wconf 84' lang='lat' dir='ltr'><strong>Armoricae</strong></span> <span class='ocrx_word' id='word_1_77' title='bbox 890 1152 1079 1241; x_wconf 81' lang='lat' dir='ltr'><strong>aippellantnr‚</strong></span> <span class='ocrx_word' id='word_1_78' title='bbox 1094 1181 1200 1240; x_wconf 86' lang='lat' dir='ltr'><strong>oppug-</strong></span> 
     </span>
     <span class='ocr_line' id='line_1_11' title="bbox 161 1252 1202 1328; baseline -0.004 -16"><span class='ocrx_word' id='word_1_79' title='bbox 161 1252 300 1320; x_wconf 79' lang='lat' dir='ltr'><strong>torrendi</strong></span> <span class='ocrx_word' id='word_1_80' title='bbox 322 1253 368 1312; x_wconf 91' lang='lat' dir='ltr'><strong>sui</strong></span> <span class='ocrx_word' id='word_1_81' title='bbox 390 1269 480 1310; x_wconf 85' lang='lat' dir='ltr'><strong>causa</strong></span> <span class='ocrx_word' id='word_1_82' title='bbox 500 1254 687 1310; x_wconf 84' lang='lat' dir='ltr'><strong>convenisse:</strong></span> <span class='ocrx_word' id='word_1_83' title='bbox 709 1271 804 1328; x_wconf 89' lang='lat' dir='ltr'><strong>neque</strong></span> <span class='ocrx_word' id='word_1_84' title='bbox 824 1253 939 1328; x_wconf 86' lang='lat' dir='ltr'><strong>lougius</strong></span> <span class='ocrx_word' id='word_1_85' title='bbox 953 1253 1046 1312; x_wconf 87' lang='lat' dir='ltr'><strong>millia</strong></span> <span class='ocrx_word' id='word_1_86' title='bbox 1064 1271 1202 1328; x_wconf 83' lang='lat' dir='ltr'><strong>passuum</strong></span> 
     </span>
     <span class='ocr_line' id='line_1_12' title="bbox 212 1341 1203 1412; baseline -0.004 -10"><span class='ocrx_word' id='word_1_87' title='bbox 212 1361 268 1402; x_wconf 82' lang='lat' dir='ltr'><strong>vm</strong></span> <span class='ocrx_word' id='word_1_88' title='bbox 290 1343 327 1402; x_wconf 89' lang='lat' dir='ltr'><strong>ab</strong></span> <span class='ocrx_word' id='word_1_89' title='bbox 346 1343 472 1400; x_wconf 88' lang='lat' dir='ltr'><strong>hibernis</strong></span> <span class='ocrx_word' id='word_1_90' title='bbox 491 1343 552 1400; x_wconf 91' lang='lat' dir='ltr'><strong>suis</strong></span> <span class='ocrx_word' id='word_1_91' title='bbox 571 1341 713 1412; x_wconf 83' lang='lat' dir='ltr'><strong>abfuisse3</strong></span> <span class='ocrx_word' id='word_1_92' title='bbox 735 1342 786 1398; x_wconf 88' lang='lat' dir='ltr'><strong>sed</strong></span> <span class='ocrx_word' id='word_1_93' title='bbox 801 1343 909 1399; x_wconf 87' lang='lat' dir='ltr'><strong>nuncio</strong></span> <span class='ocrx_word' id='word_1_94' title='bbox 930 1342 1020 1400; x_wconf 89' lang='lat' dir='ltr'><strong>allato</strong></span> <span class='ocrx_word' id='word_1_95' title='bbox 1032 1342 1067 1400; x_wconf 92' lang='lat' dir='ltr'><strong>de</strong></span> <span class='ocrx_word' id='word_1_96' title='bbox 1081 1342 1203 1402; x_wconf 85' lang='lat' dir='ltr'><strong>victoria</strong></span> 
     </span>
    </p>
   </div>
   <div class='ocr_carea' id='block_1_3' title="bbox 212 1429 1294 1508">
    <p class='ocr_par' dir='ltr' id='par_1_3' title="bbox 212 1429 1294 1508">
     <span class='ocr_line' id='line_1_13' title="bbox 212 1429 1294 1508; baseline -0.003 -18"><span class='ocrx_word' id='word_1_97' title='bbox 212 1431 356 1502; x_wconf 82' lang='lat' dir='ltr'><strong>Caesaris,</strong></span> <span class='ocrx_word' id='word_1_98' title='bbox 380 1431 557 1508; x_wconf 78' lang='lat' dir='ltr'><strong>discessisse,</strong></span> <span class='ocrx_word' id='word_1_99' title='bbox 582 1431 662 1500; x_wconf 83' lang='lat' dir='ltr'><strong>adeo,</strong></span> <span class='ocrx_word' id='word_1_100' title='bbox 689 1440 720 1486; x_wconf 92' lang='lat' dir='ltr'><strong>ut</strong></span> <span class='ocrx_word' id='word_1_101' title='bbox 748 1429 835 1506; x_wconf 80' lang='lat' dir='ltr'><strong>fugae</strong></span> <span class='ocrx_word' id='word_1_102' title='bbox 863 1431 967 1488; x_wconf 86' lang='lat' dir='ltr'><strong>similis</strong></span> <span class='ocrx_word' id='word_1_103' title='bbox 994 1431 1138 1490; x_wconf 86' lang='lat' dir='ltr'><strong>discessus</strong></span> <span class='ocrx_word' id='word_1_104' title='bbox 1162 1432 1203 1488; x_wconf 89' lang='lat' dir='ltr'><strong>vi·</strong></span> <span class='ocrx_word' id='word_1_105' title='bbox 1288 1490 1294 1502; x_wconf 70' lang='grc'><em>,</em></span> 
     </span>
    </p>
   </div>
   <div class='ocr_carea' id='block_1_4' title="bbox 158 1519 1208 3918">
    <p class='ocr_par' dir='ltr' id='par_1_4' title="bbox 158 1519 1208 3918">
     <span class='ocr_line' id='line_1_14' title="bbox 212 1519 986 1577; baseline -0.003 -1"><span class='ocrx_word' id='word_1_106' title='bbox 212 1519 338 1577; x_wconf 90' lang='lat' dir='ltr'><strong>deretur.</strong></span> <span class='ocrx_word' id='word_1_107' title='bbox 984 1565 986 1574; x_wconf 81' lang='grc'>,</span> 
     </span>
     <span class='ocr_line' id='line_1_15' title="bbox 251 1605 1204 1681; baseline 0.002 -17"><span class='ocrx_word' id='word_1_108' title='bbox 251 1605 332 1664; x_wconf 86' lang='lat' dir='ltr'><strong>LIV.</strong></span> <span class='ocrx_word' id='word_1_109' title='bbox 363 1609 405 1664; x_wconf 78' lang='lat' dir='ltr'><strong>At</strong></span> <span class='ocrx_word' id='word_1_110' title='bbox 432 1608 549 1675; x_wconf 87' lang='lat' dir='ltr'><strong>Caesar,</strong></span> <span class='ocrx_word' id='word_1_111' title='bbox 577 1606 757 1681; x_wconf 89' lang='lat' dir='ltr'><strong>principibus</strong></span> <span class='ocrx_word' id='word_1_112' title='bbox 784 1607 927 1680; x_wconf 84' lang='lat' dir='ltr'><strong>cujusque</strong></span> <span class='ocrx_word' id='word_1_113' title='bbox 955 1608 1081 1664; x_wconf 86' lang='lat' dir='ltr'><strong>civitatis</strong></span> <span class='ocrx_word' id='word_1_114' title='bbox 1109 1608 1145 1666; x_wconf 90' lang='lat' dir='ltr'><strong>ad</strong></span> <span class='ocrx_word' id='word_1_115' title='bbox 1172 1627 1204 1666; x_wconf 88' lang='lat' dir='ltr'><strong>se</strong></span> 
     </span>
     <span class='ocr_line' id='line_1_16' title="bbox 162 1694 1204 1769; baseline -0.002 -19"><span class='ocrx_word' id='word_1_116' title='bbox 162 1705 201 1769; x_wconf 72' lang='lat'><strong>15</strong></span> <span class='ocrx_word' id='word_1_117' title='bbox 211 1695 346 1764; x_wconf 86' lang='lat' dir='ltr'><strong>evocetis,</strong></span> <span class='ocrx_word' id='word_1_118' title='bbox 362 1695 436 1752; x_wconf 88' lang='lat' dir='ltr'><strong>alias</strong></span> <span class='ocrx_word' id='word_1_119' title='bbox 448 1694 612 1762; x_wconf 90' lang='lat' dir='ltr'><strong>territando,</strong></span> <span class='ocrx_word' id='word_1_120' title='bbox 627 1712 716 1768; x_wconf 88' lang='lat' dir='ltr'><strong>quum</strong></span> <span class='ocrx_word' id='word_1_121' title='bbox 730 1713 761 1748; x_wconf 92' lang='lat' dir='ltr'><strong>se</strong></span> <span class='ocrx_word' id='word_1_122' title='bbox 776 1694 861 1760; x_wconf 88' lang='lat' dir='ltr'><strong>scire,</strong></span> <span class='ocrx_word' id='word_1_123' title='bbox 876 1712 954 1766; x_wconf 89' lang='lat' dir='ltr'><strong>quae</strong></span> <span class='ocrx_word' id='word_1_124' title='bbox 966 1695 1079 1763; x_wconf 87' lang='lat' dir='ltr'><strong>fierent,</strong></span> <span class='ocrx_word' id='word_1_125' title='bbox 1094 1695 1204 1752; x_wconf 85' lang='lat' dir='ltr'><strong>denuo.</strong></span> 
     </span>
     <span class='ocr_line' id='line_1_17' title="bbox 211 1780 1205 1854; baseline 0.004 -16"><span class='ocrx_word' id='word_1_126' title='bbox 211 1781 312 1849; x_wconf 89' lang='lat' dir='ltr'><strong>ciaret,</strong></span> <span class='ocrx_word' id='word_1_127' title='bbox 327 1781 401 1840; x_wconf 88' lang='lat' dir='ltr'><strong>alias</strong></span> <span class='ocrx_word' id='word_1_128' title='bbox 423 1780 605 1848; x_wconf 85' lang='lat' dir='ltr'><strong>cohortando,</strong></span> <span class='ocrx_word' id='word_1_129' title='bbox 621 1797 758 1854; x_wconf 84' lang='lat' dir='ltr'><strong>magnam</strong></span> <span class='ocrx_word' id='word_1_130' title='bbox 780 1790 893 1854; x_wconf 86' lang='lat' dir='ltr'><strong>partem</strong></span> <span class='ocrx_word' id='word_1_131' title='bbox 916 1780 1032 1836; x_wconf 84' lang='lat' dir='ltr'><strong>Galliae</strong></span> <span class='ocrx_word' id='word_1_132' title='bbox 1055 1783 1085 1838; x_wconf 92' lang='lat' dir='ltr'><strong>in</strong></span> <span class='ocrx_word' id='word_1_133' title='bbox 1108 1781 1205 1842; x_wconf 87' lang='lat' dir='ltr'><strong>officio</strong></span> 
     </span>
     <span class='ocr_line' id='line_1_18' title="bbox 210 1868 1205 1944; baseline 0.002 -16"><span class='ocrx_word' id='word_1_134' title='bbox 210 1869 312 1928; x_wconf 85' lang='lat' dir='ltr'><strong>tenuit.</strong></span> <span class='ocrx_word' id='word_1_135' title='bbox 355 1868 467 1924; x_wconf 86' lang='lat' dir='ltr'><strong>Tamen</strong></span> <span class='ocrx_word' id='word_1_136' title='bbox 481 1868 619 1936; x_wconf 83' lang='lat' dir='ltr'><strong>Senones,</strong></span> <span class='ocrx_word' id='word_1_137' title='bbox 634 1885 710 1942; x_wconf 92' lang='lat' dir='ltr'><strong>quae</strong></span> <span class='ocrx_word' id='word_1_138' title='bbox 725 1877 768 1924; x_wconf 82' lang='lat' dir='ltr'><strong>est</strong></span> <span class='ocrx_word' id='word_1_139' title='bbox 782 1868 885 1924; x_wconf 86' lang='lat' dir='ltr'><strong>civitas</strong></span> <span class='ocrx_word' id='word_1_140' title='bbox 900 1869 930 1924; x_wconf 93' lang='lat' dir='ltr'><strong>in</strong></span> <span class='ocrx_word' id='word_1_141' title='bbox 951 1869 1051 1944; x_wconf 90' lang='lat' dir='ltr'><strong>primis</strong></span> <span class='ocrx_word' id='word_1_142' title='bbox 1066 1870 1159 1939; x_wconf 84' lang='lat' dir='ltr'><strong>firma,</strong></span> <span class='ocrx_word' id='word_1_143' title='bbox 1174 1883 1205 1930; x_wconf 91' lang='grc'><strong>01</strong></span> 
     </span>
     <span class='ocr_line' id='line_1_19' title="bbox 211 1955 1205 2034; baseline 0.001 -19"><span class='ocrx_word' id='word_1_144' title='bbox 211 1975 334 2034; x_wconf 74' lang='lat' dir='ltr'><strong>magnae</strong></span> <span class='ocrx_word' id='word_1_145' title='bbox 357 1957 432 2014; x_wconf 90' lang='lat' dir='ltr'><strong>inter</strong></span> <span class='ocrx_word' id='word_1_146' title='bbox 457 1955 558 2012; x_wconf 88' lang='lat' dir='ltr'><strong>Gallos</strong></span> <span class='ocrx_word' id='word_1_147' title='bbox 580 1955 768 2024; x_wconf 84' lang='lat' dir='ltr'><strong>auctoritatis,</strong></span> <span class='ocrx_word' id='word_1_148' title='bbox 784 1955 974 2024; x_wconf 82' lang='lat' dir='ltr'><strong>Cavarinum,</strong></span> <span class='ocrx_word' id='word_1_149' title='bbox 986 1975 1074 2032; x_wconf 89' lang='lat' dir='ltr'><strong>quern</strong></span> <span class='ocrx_word' id='word_1_150' title='bbox 1094 1957 1205 2020; x_wconf 80' lang='lat' dir='ltr'><strong>Ceasar</strong></span> 
     </span>
     <span class='ocr_line' id='line_1_20' title="bbox 211 2043 1204 2124; baseline 0.006 -20"><span class='ocrx_word' id='word_1_151' title='bbox 211 2043 287 2121; x_wconf 89' lang='lat' dir='ltr'><strong>apud</strong></span> <span class='ocrx_word' id='word_1_152' title='bbox 297 2062 346 2102; x_wconf 90' lang='lat' dir='ltr'><strong>eos</strong></span> <span class='ocrx_word' id='word_1_153' title='bbox 357 2061 455 2120; x_wconf 84' lang='lat' dir='ltr'><strong>regem</strong></span> <span class='ocrx_word' id='word_1_154' title='bbox 466 2045 660 2113; x_wconf 85' lang='lat' dir='ltr'><strong>constituerat,</strong></span> <span class='ocrx_word' id='word_1_155' title='bbox 671 2044 771 2121; x_wconf 87' lang='lat' dir='ltr'><strong>(cujus</strong></span> <span class='ocrx_word' id='word_1_156' title='bbox 782 2044 869 2102; x_wconf 82' lang='lat' dir='ltr'><strong>irater</strong></span> <span class='ocrx_word' id='word_1_157' title='bbox 881 2043 1067 2124; x_wconf 82' lang='lat' dir='ltr'><strong>Moritasgus,</strong></span> <span class='ocrx_word' id='word_1_158' title='bbox 1077 2047 1204 2110; x_wconf 88' lang='lat' dir='ltr'><strong>adventu</strong></span> 
     </span>
     <span class='ocr_line' id='line_1_21' title="bbox 158 2133 1204 2215; baseline 0.006 -24"><span class='ocrx_word' id='word_1_159' title='bbox 158 2145 201 2212; x_wconf 72' lang='lat'><strong>20</strong></span> <span class='ocrx_word' id='word_1_160' title='bbox 211 2135 241 2192; x_wconf 91' lang='lat' dir='ltr'><strong>in</strong></span> <span class='ocrx_word' id='word_1_161' title='bbox 257 2133 385 2192; x_wconf 85' lang='lat' dir='ltr'><strong>Galliam</strong></span> <span class='ocrx_word' id='word_1_162' title='bbox 398 2133 542 2204; x_wconf 84' lang='lat' dir='ltr'><strong>Caesaris,</strong></span> <span class='ocrx_word' id='word_1_163' title='bbox 558 2133 700 2210; x_wconf 83' lang='lat' dir='ltr'><strong>cujusque</strong></span> <span class='ocrx_word' id='word_1_164' title='bbox 716 2134 842 2210; x_wconf 83' lang='lat' dir='ltr'><strong>majores</strong></span> <span class='ocrx_word' id='word_1_165' title='bbox 857 2154 980 2212; x_wconf 85' lang='lat' dir='ltr'><strong>regnum</strong></span> <span class='ocrx_word' id='word_1_166' title='bbox 994 2137 1204 2215; x_wconf 67' lang='lat' dir='ltr'><strong>obtinuerant)</strong></span> 
     </span>
     <span class='ocr_line' id='line_1_22' title="bbox 211 2222 1204 2302; baseline 0.006 -22"><span class='ocrx_word' id='word_1_167' title='bbox 211 2222 374 2284; x_wconf 89' lang='lat' dir='ltr'><strong>interficere</strong></span> <span class='ocrx_word' id='word_1_168' title='bbox 389 2222 505 2300; x_wconf 87' lang='lat' dir='ltr'><strong>publico</strong></span> <span class='ocrx_word' id='word_1_169' title='bbox 518 2224 638 2284; x_wconf 86' lang='lat' dir='ltr'><strong>consilio</strong></span> <span class='ocrx_word' id='word_1_170' title='bbox 652 2223 758 2293; x_wconf 88' lang='lat' dir='ltr'><strong>conati,</strong></span> <span class='ocrx_word' id='word_1_171' title='bbox 773 2243 864 2300; x_wconf 92' lang='lat' dir='ltr'><strong>quum</strong></span> <span class='ocrx_word' id='word_1_172' title='bbox 879 2225 928 2283; x_wconf 90' lang='lat' dir='ltr'><strong>ille</strong></span> <span class='ocrx_word' id='word_1_173' title='bbox 944 2229 1154 2302; x_wconf 87' lang='lat' dir='ltr'><strong>praesensisset</strong></span> <span class='ocrx_word' id='word_1_174' title='bbox 1167 2248 1204 2288; x_wconf 86' lang='lat' dir='ltr'><strong>ac</strong></span> 
     </span>
     <span class='ocr_line' id='line_1_23' title="bbox 212 2311 1203 2394; baseline 0.007 -25"><span class='ocrx_word' id='word_1_175' title='bbox 212 2311 393 2390; x_wconf 81' lang='lat' dir='ltr'><strong>profugisset,</strong></span> <span class='ocrx_word' id='word_1_176' title='bbox 409 2331 501 2388; x_wconf 90' lang='lat' dir='ltr'><strong>usque</strong></span> <span class='ocrx_word' id='word_1_177' title='bbox 524 2313 566 2372; x_wconf 86' lang='lat' dir='ltr'><strong>ad</strong></span> <span class='ocrx_word' id='word_1_178' title='bbox 582 2314 656 2370; x_wconf 85' lang='lat' dir='ltr'><strong>fines</strong></span> <span class='ocrx_word' id='word_1_179' title='bbox 676 2313 810 2384; x_wconf 82' lang='grc'><strong>1111001111,</strong></span> <span class='ocrx_word' id='word_1_180' title='bbox 825 2332 915 2391; x_wconf 85' lang='lat' dir='ltr'><strong>regno</strong></span> <span class='ocrx_word' id='word_1_181' title='bbox 929 2315 1070 2392; x_wconf 91' lang='lat' dir='ltr'><strong>domoque</strong></span> <span class='ocrx_word' id='word_1_182' title='bbox 1086 2317 1203 2394; x_wconf 81' lang='lat' dir='ltr'><strong>expule-</strong></span> 
     </span>
     <span class='ocr_line' id='line_1_24' title="bbox 212 2403 1203 2483; baseline 0.004 -23"><span class='ocrx_word' id='word_1_183' title='bbox 212 2412 280 2461; x_wconf 89' lang='lat' dir='ltr'><strong>runt</strong></span> <span class='ocrx_word' id='word_1_184' title='bbox 287 2423 298 2476; x_wconf 89' lang='lat'>;</span> <span class='ocrx_word' id='word_1_185' title='bbox 312 2414 350 2473; x_wconf 85' lang='lat' dir='ltr'><strong>et,</strong></span> <span class='ocrx_word' id='word_1_186' title='bbox 362 2405 458 2462; x_wconf 84' lang='lat' dir='ltr'><strong>missis</strong></span> <span class='ocrx_word' id='word_1_187' title='bbox 467 2403 503 2464; x_wconf 84' lang='lat' dir='ltr'><strong>ad</strong></span> <span class='ocrx_word' id='word_1_188' title='bbox 513 2403 669 2477; x_wconf 86' lang='lat' dir='ltr'><strong>Caesarem</strong></span> <span class='ocrx_word' id='word_1_189' title='bbox 680 2403 876 2462; x_wconf 80' lang='lat' dir='ltr'><strong>satisfaciendi</strong></span> <span class='ocrx_word' id='word_1_190' title='bbox 888 2425 978 2464; x_wconf 88' lang='lat' dir='ltr'><strong>causa</strong></span> <span class='ocrx_word' id='word_1_191' title='bbox 988 2406 1101 2483; x_wconf 86' lang='lat' dir='ltr'><strong>legatis,</strong></span> <span class='ocrx_word' id='word_1_192' title='bbox 1113 2424 1203 2482; x_wconf 87' lang='lat' dir='ltr'><strong>quum</strong></span> 
     </span>
     <span class='ocr_line' id='line_1_25' title="bbox 212 2496 1205 2571; baseline 0.004 -17"><span class='ocrx_word' id='word_1_193' title='bbox 212 2496 371 2554; x_wconf 87' lang='lat' dir='ltr'><strong>isomnem</strong></span> <span class='ocrx_word' id='word_1_194' title='bbox 393 2497 428 2554; x_wconf 87' lang='lat' dir='ltr'><strong>ad</strong></span> <span class='ocrx_word' id='word_1_195' title='bbox 452 2517 483 2554; x_wconf 87' lang='lat' dir='ltr'><strong>se</strong></span> <span class='ocrx_word' id='word_1_196' title='bbox 508 2507 641 2556; x_wconf 88' lang='lat' dir='ltr'><strong>senatum</strong></span> <span class='ocrx_word' id='word_1_197' title='bbox 661 2497 761 2554; x_wconf 85' lang='lat' dir='ltr'><strong>venire</strong></span> <span class='ocrx_word' id='word_1_198' title='bbox 779 2497 922 2571; x_wconf 85' lang='lat' dir='ltr'><strong>jussisset,</strong></span> <span class='ocrx_word' id='word_1_199' title='bbox 949 2498 1026 2556; x_wconf 86' lang='lat' dir='ltr'><strong>dicto</strong></span> <span class='ocrx_word' id='word_1_200' title='bbox 1056 2499 1205 2558; x_wconf 82' lang='lat' dir='ltr'><strong>audientes</strong></span> 
     </span>
     <span class='ocr_line' id='line_1_26' title="bbox 159 2588 1204 2664; baseline 0.002 -18"><span class='ocrx_word' id='word_1_201' title='bbox 159 2599 269 2654; x_wconf 72' lang='grc'><strong>2511011</strong></span> <span class='ocrx_word' id='word_1_202' title='bbox 292 2588 419 2648; x_wconf 86' lang='lat' dir='ltr'><strong>suerunt.</strong></span> <span class='ocrx_word' id='word_1_203' title='bbox 463 2589 592 2648; x_wconf 87' lang='lat' dir='ltr'><strong>Tantum</strong></span> <span class='ocrx_word' id='word_1_204' title='bbox 615 2589 692 2664; x_wconf 88' lang='lat' dir='ltr'><strong>apud</strong></span> <span class='ocrx_word' id='word_1_205' title='bbox 713 2589 843 2653; x_wconf 87' lang='lat' dir='ltr'><strong>homines</strong></span> <span class='ocrx_word' id='word_1_206' title='bbox 864 2589 1003 2648; x_wconf 88' lang='lat' dir='ltr'><strong>barbaros</strong></span> <span class='ocrx_word' id='word_1_207' title='bbox 1019 2589 1120 2659; x_wconf 91' lang='lat' dir='ltr'><strong>valuit,</strong></span> <span class='ocrx_word' id='word_1_208' title='bbox 1141 2609 1204 2648; x_wconf 89' lang='lat' dir='ltr'><strong>esse</strong></span> 
     </span>
     <span class='ocr_line' id='line_1_27' title="bbox 212 2678 1205 2757; baseline 0.002 -21"><span class='ocrx_word' id='word_1_209' title='bbox 212 2689 339 2755; x_wconf 89' lang='lat' dir='ltr'><strong>repertos</strong></span> <span class='ocrx_word' id='word_1_210' title='bbox 354 2681 465 2756; x_wconf 90' lang='lat' dir='ltr'><strong>aliquos</strong></span> <span class='ocrx_word' id='word_1_211' title='bbox 479 2679 624 2757; x_wconf 88' lang='lat' dir='ltr'><strong>principes</strong></span> <span class='ocrx_word' id='word_1_212' title='bbox 639 2679 708 2736; x_wconf 90' lang='lat' dir='ltr'><strong>belli</strong></span> <span class='ocrx_word' id='word_1_213' title='bbox 724 2678 875 2748; x_wconf 83' lang='lat' dir='ltr'><strong>lnierendi,</strong></span> <span class='ocrx_word' id='word_1_214' title='bbox 890 2689 1058 2754; x_wconf 80' lang='lat' dir='ltr'><strong>tantamque</strong></span> <span class='ocrx_word' id='word_1_215' title='bbox 1073 2681 1205 2738; x_wconf 87' lang='lat' dir='ltr'><strong>omnibus</strong></span> 
     </span>
     <span class='ocr_line' id='line_1_28' title="bbox 212 2767 1206 2844; baseline 0 -18"><span class='ocrx_word' id='word_1_216' title='bbox 212 2769 394 2829; x_wconf 84' lang='lat' dir='ltr'><strong>voluntatum</strong></span> <span class='ocrx_word' id='word_1_217' title='bbox 418 2771 672 2828; x_wconf 85' lang='lat' dir='ltr'><strong>commutationem</strong></span> <span class='ocrx_word' id='word_1_218' title='bbox 696 2768 801 2837; x_wconf 85' lang='lat' dir='ltr'><strong>attulit,</strong></span> <span class='ocrx_word' id='word_1_219' title='bbox 826 2778 867 2837; x_wconf 90' lang='lat' dir='ltr'><strong>ut,</strong></span> <span class='ocrx_word' id='word_1_220' title='bbox 892 2779 1006 2844; x_wconf 82' lang='lat' dir='ltr'><strong>praeter</strong></span> <span class='ocrx_word' id='word_1_221' title='bbox 1031 2767 1150 2828; x_wconf 81' lang='lat' dir='ltr'><strong>Aeduos</strong></span> <span class='ocrx_word' id='word_1_222' title='bbox 1177 2777 1206 2826; x_wconf 80' lang='lat' dir='ltr'><strong>el</strong></span> 
     </span>
     <span class='ocr_line' id='line_1_29' title="bbox 212 2855 1206 2933; baseline 0.004 -19"><span class='ocrx_word' id='word_1_223' title='bbox 212 2855 329 2926; x_wconf 85' lang='lat' dir='ltr'><strong>Remos,</strong></span> <span class='ocrx_word' id='word_1_224' title='bbox 344 2876 416 2932; x_wconf 89' lang='lat' dir='ltr'><strong>quos</strong></span> <span class='ocrx_word' id='word_1_225' title='bbox 430 2859 586 2933; x_wconf 88' lang='lat' dir='ltr'><strong>praecipuo</strong></span> <span class='ocrx_word' id='word_1_226' title='bbox 600 2876 713 2932; x_wconf 87' lang='lat' dir='ltr'><strong>semper</strong></span> <span class='ocrx_word' id='word_1_227' title='bbox 728 2858 833 2916; x_wconf 89' lang='lat' dir='ltr'><strong>honore</strong></span> <span class='ocrx_word' id='word_1_228' title='bbox 848 2857 957 2916; x_wconf 87' lang='lat' dir='ltr'><strong>Caesar</strong></span> <span class='ocrx_word' id='word_1_229' title='bbox 977 2858 1086 2926; x_wconf 87' lang='lat' dir='ltr'><strong>habuit,</strong></span> <span class='ocrx_word' id='word_1_230' title='bbox 1102 2859 1206 2918; x_wconf 78' lang='lat' dir='ltr'><strong>alteros</strong></span> 
     </span>
     <span class='ocr_line' id='line_1_30' title="bbox 212 2945 1206 3024; baseline 0.006 -24"><span class='ocrx_word' id='word_1_231' title='bbox 212 2961 263 3018; x_wconf 90' lang='lat' dir='ltr'><strong>pro</strong></span> <span class='ocrx_word' id='word_1_232' title='bbox 278 2954 374 3002; x_wconf 90' lang='lat' dir='ltr'><strong>vetere</strong></span> <span class='ocrx_word' id='word_1_233' title='bbox 389 2965 425 3002; x_wconf 89' lang='lat' dir='ltr'><strong>ac</strong></span> <span class='ocrx_word' id='word_1_234' title='bbox 439 2957 578 3020; x_wconf 87' lang='lat' dir='ltr'><strong>perpetua</strong></span> <span class='ocrx_word' id='word_1_235' title='bbox 592 2965 663 3024; x_wconf 79' lang='lat' dir='ltr'><strong>erga</strong></span> <span class='ocrx_word' id='word_1_236' title='bbox 677 2946 819 3023; x_wconf 87' lang='lat' dir='ltr'><strong>Populum</strong></span> <span class='ocrx_word' id='word_1_237' title='bbox 840 2946 1003 3004; x_wconf 88' lang='lat' dir='ltr'><strong>Romanum</strong></span> <span class='ocrx_word' id='word_1_238' title='bbox 1017 2945 1206 3015; x_wconf 63' lang='lat' dir='ltr'><strong>fidaalteros</strong></span> 
     </span>
     <span class='ocr_line' id='line_1_31' title="bbox 161 3032 1205 3110; baseline 0.004 -22"><span class='ocrx_word' id='word_1_239' title='bbox 161 3041 201 3110; x_wconf 65' lang='grc'><strong>30</strong></span> <span class='ocrx_word' id='word_1_240' title='bbox 212 3049 264 3109; x_wconf 91' lang='lat' dir='ltr'><strong>pro</strong></span> <span class='ocrx_word' id='word_1_241' title='bbox 278 3033 443 3100; x_wconf 87' lang='lat' dir='ltr'><strong>recentibus</strong></span> <span class='ocrx_word' id='word_1_242' title='bbox 458 3032 566 3092; x_wconf 90' lang='lat' dir='ltr'><strong>Gallici</strong></span> <span class='ocrx_word' id='word_1_243' title='bbox 587 3035 656 3092; x_wconf 88' lang='lat' dir='ltr'><strong>belli</strong></span> <span class='ocrx_word' id='word_1_244' title='bbox 676 3035 787 3104; x_wconf 90' lang='lat' dir='ltr'><strong>officiis,</strong></span> <span class='ocrx_word' id='word_1_245' title='bbox 802 3036 885 3092; x_wconf 86' lang='lat' dir='ltr'><strong>nulla</strong></span> <span class='ocrx_word' id='word_1_246' title='bbox 908 3033 968 3092; x_wconf 83' lang='lat' dir='ltr'><strong>fere</strong></span> <span class='ocrx_word' id='word_1_247' title='bbox 991 3033 1095 3092; x_wconf 85' lang='lat' dir='ltr'><strong>civitas</strong></span> <span class='ocrx_word' id='word_1_248' title='bbox 1118 3033 1205 3092; x_wconf 86' lang='lat' dir='ltr'><strong>suerit</strong></span> 
     </span>
     <span class='ocr_line' id='line_1_32' title="bbox 212 3121 1203 3199; baseline 0.004 -21"><span class='ocrx_word' id='word_1_249' title='bbox 212 3138 269 3178; x_wconf 90' lang='lat' dir='ltr'><strong>non</strong></span> <span class='ocrx_word' id='word_1_250' title='bbox 285 3130 420 3195; x_wconf 89' lang='lat' dir='ltr'><strong>suspecta</strong></span> <span class='ocrx_word' id='word_1_251' title='bbox 437 3122 528 3178; x_wconf 89' lang='lat' dir='ltr'><strong>nobis.</strong></span> <span class='ocrx_word' id='word_1_252' title='bbox 571 3123 661 3199; x_wconf 89' lang='lat' dir='ltr'><strong>quue</strong></span> <span class='ocrx_word' id='word_1_253' title='bbox 682 3125 753 3182; x_wconf 88' lang='lat' dir='ltr'><strong>adeo</strong></span> <span class='ocrx_word' id='word_1_254' title='bbox 774 3125 849 3182; x_wconf 90' lang='lat' dir='ltr'><strong>haud</strong></span> <span class='ocrx_word' id='word_1_255' title='bbox 868 3125 928 3182; x_wconf 87' lang='lat' dir='ltr'><strong>saio</strong></span> <span class='ocrx_word' id='word_1_256' title='bbox 942 3121 1143 3180; x_wconf 86' lang='lat' dir='ltr'><strong>mirandumne</strong></span> <span class='ocrx_word' id='word_1_257' title='bbox 1157 3124 1203 3194; x_wconf 89' lang='lat' dir='ltr'><strong>sit,</strong></span> 
     </span>
     <span class='ocr_line' id='line_1_33' title="bbox 212 3201 1205 3288; baseline 0.006 -22"><span class='ocrx_word' id='word_1_258' title='bbox 212 3225 303 3285; x_wconf 89' lang='lat' dir='ltr'><strong>quum</strong></span> <span class='ocrx_word' id='word_1_259' title='bbox 326 3209 524 3284; x_wconf 88' lang='lat' dir='ltr'><strong>compluribus</strong></span> <span class='ocrx_word' id='word_1_260' title='bbox 549 3211 614 3268; x_wconf 89' lang='lat' dir='ltr'><strong>aliis</strong></span> <span class='ocrx_word' id='word_1_261' title='bbox 635 3213 670 3270; x_wconf 89' lang='lat' dir='ltr'><strong>de</strong></span> <span class='ocrx_word' id='word_1_262' title='bbox 691 3201 799 3286; x_wconf 79' lang='lat' dir='ltr'><strong>ceasia,</strong></span> <span class='ocrx_word' id='word_1_263' title='bbox 821 3225 883 3272; x_wconf 89' lang='lat' dir='ltr'><strong>tum</strong></span> <span class='ocrx_word' id='word_1_264' title='bbox 903 3213 1037 3280; x_wconf 79' lang='lat' dir='ltr'><strong>maxime,</strong></span> <span class='ocrx_word' id='word_1_265' title='bbox 1052 3211 1138 3287; x_wconf 87' lang='lat' dir='ltr'><strong>quod,</strong></span> <span class='ocrx_word' id='word_1_266' title='bbox 1153 3213 1205 3288; x_wconf 88' lang='lat' dir='ltr'><strong>qui</strong></span> 
     </span>
     <span class='ocr_line' id='line_1_34' title="bbox 213 3293 1208 3378; baseline 0.006 -22"><span class='ocrx_word' id='word_1_267' title='bbox 213 3298 317 3356; x_wconf 84' lang='lat' dir='ltr'><strong>virtute</strong></span> <span class='ocrx_word' id='word_1_268' title='bbox 332 3298 401 3356; x_wconf 89' lang='lat' dir='ltr'><strong>belli</strong></span> <span class='ocrx_word' id='word_1_269' title='bbox 415 3299 548 3358; x_wconf 88' lang='lat' dir='ltr'><strong>omnibus</strong></span> <span class='ocrx_word' id='word_1_270' title='bbox 561 3302 697 3377; x_wconf 84' lang='lat' dir='ltr'><strong>gentibus</strong></span> <span class='ocrx_word' id='word_1_271' title='bbox 710 3303 954 3378; x_wconf 77' lang='lat' dir='ltr'><strong>praeferebantur,</strong></span> <span class='ocrx_word' id='word_1_272' title='bbox 969 3310 1081 3360; x_wconf 87' lang='lat' dir='ltr'><strong>tanturn</strong></span> <span class='ocrx_word' id='word_1_273' title='bbox 1094 3321 1126 3358; x_wconf 88' lang='lat' dir='ltr'><strong>se</strong></span> <span class='ocrx_word' id='word_1_274' title='bbox 1140 3293 1208 3378; x_wconf 80' lang='lat' dir='ltr'><strong>ejus</strong></span> 
     </span>
     <span class='ocr_line' id='line_1_35' title="bbox 213 3388 1204 3468; baseline 0.002 -20"><span class='ocrx_word' id='word_1_275' title='bbox 213 3388 353 3467; x_wconf 89' lang='lat' dir='ltr'><strong>opinionis</strong></span> <span class='ocrx_word' id='word_1_276' title='bbox 366 3388 580 3464; x_wconf 89' lang='lat' dir='ltr'><strong>deperdidisse,</strong></span> <span class='ocrx_word' id='word_1_277' title='bbox 593 3397 625 3447; x_wconf 89' lang='lat' dir='ltr'><strong>ut</strong></span> <span class='ocrx_word' id='word_1_278' title='bbox 639 3409 657 3450; x_wconf 89' lang='lat' dir='ltr'><strong>a</strong></span> <span class='ocrx_word' id='word_1_279' title='bbox 671 3390 781 3468; x_wconf 91' lang='lat' dir='ltr'><strong>Populo</strong></span> <span class='ocrx_word' id='word_1_280' title='bbox 802 3393 933 3452; x_wconf 86' lang='lat' dir='ltr'><strong>Romano</strong></span> <span class='ocrx_word' id='word_1_281' title='bbox 951 3391 1076 3468; x_wconf 88' lang='lat' dir='ltr'><strong>imperia</strong></span> <span class='ocrx_word' id='word_1_282' title='bbox 1097 3391 1204 3468; x_wconf 84' lang='lat' dir='ltr'><strong>perser-</strong></span> 
     </span>
     <span class='ocr_line' id='line_1_36' title="bbox 161 3478 630 3556; baseline -0.004 -18"><span class='ocrx_word' id='word_1_283' title='bbox 161 3488 286 3552; x_wconf 64' lang='grc'><strong>3510111,</strong></span> <span class='ocrx_word' id='word_1_284' title='bbox 301 3479 472 3556; x_wconf 84' lang='lat' dir='ltr'><strong>gravissime</strong></span> <span class='ocrx_word' id='word_1_285' title='bbox 486 3478 630 3536; x_wconf 78' lang='lat' dir='ltr'><strong>dolebant</strong></span> 
     </span>
     <span class='ocr_line' id='line_1_37' title="bbox 254 3567 1206 3644; baseline 0.006 -18"><span class='ocrx_word' id='word_1_286' title='bbox 254 3567 320 3627; x_wconf 85' lang='lat' dir='ltr'><strong>LV.</strong></span> <span class='ocrx_word' id='word_1_287' title='bbox 341 3568 457 3628; x_wconf 77' lang='lat' dir='ltr'><strong>&#39;Freriri</strong></span> <span class='ocrx_word' id='word_1_288' title='bbox 471 3587 539 3626; x_wconf 86' lang='lat' dir='ltr'><strong>vero</strong></span> <span class='ocrx_word' id='word_1_289' title='bbox 552 3581 638 3644; x_wconf 89' lang='lat' dir='ltr'><strong>atque</strong></span> <span class='ocrx_word' id='word_1_290' title='bbox 653 3567 866 3628; x_wconf 87' lang='lat' dir='ltr'><strong>Indutiomarus</strong></span> <span class='ocrx_word' id='word_1_291' title='bbox 875 3571 962 3630; x_wconf 88' lang='lat' dir='ltr'><strong>totius</strong></span> <span class='ocrx_word' id='word_1_292' title='bbox 974 3571 1078 3629; x_wconf 85' lang='lat' dir='ltr'><strong>hiemis</strong></span> <span class='ocrx_word' id='word_1_293' title='bbox 1090 3573 1206 3632; x_wconf 86' lang='lat' dir='ltr'><strong>nullum</strong></span> 
     </span>
     <span class='ocr_line' id='line_1_38' title="bbox 210 3658 1205 3738; baseline 0.005 -22"><span class='ocrx_word' id='word_1_294' title='bbox 210 3662 327 3736; x_wconf 85' lang='lat' dir='ltr'><strong>tempus</strong></span> <span class='ocrx_word' id='word_1_295' title='bbox 340 3658 566 3729; x_wconf 89' lang='lat' dir='ltr'><strong>intermiserunt,</strong></span> <span class='ocrx_word' id='word_1_296' title='bbox 580 3658 652 3734; x_wconf 89' lang='lat' dir='ltr'><strong>quin</strong></span> <span class='ocrx_word' id='word_1_297' title='bbox 666 3669 746 3716; x_wconf 88' lang='lat' dir='ltr'><strong>trans</strong></span> <span class='ocrx_word' id='word_1_298' title='bbox 761 3659 898 3718; x_wconf 87' lang='lat' dir='ltr'><strong>Rhenum</strong></span> <span class='ocrx_word' id='word_1_299' title='bbox 915 3661 1026 3738; x_wconf 86' lang='lat' dir='ltr'><strong>legatos</strong></span> <span class='ocrx_word' id='word_1_300' title='bbox 1050 3661 1205 3734; x_wconf 87' lang='lat' dir='ltr'><strong>mitterent,</strong></span> 
     </span>
     <span class='ocr_line' id='line_1_39' title="bbox 209 3745 1205 3828; baseline 0.008 -24"><span class='ocrx_word' id='word_1_301' title='bbox 209 3745 343 3805; x_wconf 87' lang='lat' dir='ltr'><strong>civitates</strong></span> <span class='ocrx_word' id='word_1_302' title='bbox 363 3748 565 3819; x_wconf 84' lang='lat' dir='ltr'><strong>sollicitarent,</strong></span> <span class='ocrx_word' id='word_1_303' title='bbox 591 3749 730 3826; x_wconf 88' lang='lat' dir='ltr'><strong>pecunias</strong></span> <span class='ocrx_word' id='word_1_304' title='bbox 754 3749 969 3826; x_wconf 89' lang='lat' dir='ltr'><strong>pollicerentur,</strong></span> <span class='ocrx_word' id='word_1_305' title='bbox 992 3769 1102 3828; x_wconf 78' lang='lat' dir='ltr'><strong>magua</strong></span> <span class='ocrx_word' id='word_1_306' title='bbox 1124 3761 1205 3828; x_wconf 78' lang='lat' dir='ltr'><strong>parts</strong></span> 
     </span>
     <span class='ocr_line' id='line_1_40' title="bbox 212 3836 1204 3918; baseline 0.008 -28"><span class='ocrx_word' id='word_1_307' title='bbox 212 3836 360 3896; x_wconf 85' lang='lat' dir='ltr'><strong>exercitus</strong></span> <span class='ocrx_word' id='word_1_308' title='bbox 372 3840 461 3898; x_wconf 87' lang='lat' dir='ltr'><strong>nostri</strong></span> <span class='ocrx_word' id='word_1_309' title='bbox 477 3840 637 3913; x_wconf 85' lang='lat' dir='ltr'><strong>interiecta,</strong></span> <span class='ocrx_word' id='word_1_310' title='bbox 652 3840 742 3900; x_wconf 90' lang='lat' dir='ltr'><strong>multo</strong></span> <span class='ocrx_word' id='word_1_311' title='bbox 756 3841 895 3898; x_wconf 86' lang='lat' dir='ltr'><strong>minorem</strong></span> <span class='ocrx_word' id='word_1_312' title='bbox 908 3859 1060 3918; x_wconf 74' lang='lat' dir='ltr'><strong>supeream</strong></span> <span class='ocrx_word' id='word_1_313' title='bbox 1075 3841 1204 3902; x_wconf 84' lang='lat' dir='ltr'><strong>dicerem</strong></span> 
     </span>
    </p>
   </div>
   <div class='ocr_carea' id='block_1_5' title="bbox 0 0 1433 4340">
    <p class='ocr_par' dir='ltr' id='par_1_5' title="bbox 0 0 1433 4340">
     <span class='ocr_line' id='line_1_41' title="bbox 0 0 1433 4340; baseline 0 0"><span class='ocrx_word' id='word_1_314' title='bbox 0 0 1433 4340; x_wconf 95' lang='lat' dir='ltr'><strong> </strong></span> 
     </span>
    </p>
   </div>
  </div>
 </body>
</html>
