2826 4336
187 333 241 378 Otr
252 337 287 386 38,
296 329 344 384 33]
438 403 439 406 ¹
576 329 673 376 LIBER
686 328 837 382 QUINTUS
1169 321 1226 378 101

187 487 267 546 seqm
259 468 381 544 jubet3
397 476 425 525 et
439 462 529 542 quum
544 469 659 544 propius
675 467 874 544 Ambiorigem
889 469 1067 538 accessisset,
1079 468 1207 571 jussus

188 577 267 616 arma
292 558 428 634 abjicere,
454 557 626 632 imperatum
651 557 728 625 facit,
755 559 881 633 suisque,
906 569 936 616 ut
959 559 1035 615 idem
1061 539 1207 629 faciant,

186 647 317 724 imperat.
360 645 490 714 Interim,
519 646 588 702 dum
616 646 652 702 de
677 646 891 720 conditionibus
918 648 992 706 inter
1019 663 1050 705 se
1078 657 1177 726 agunt,
1235 630 1240 654 ³

186 737 353 815 longiorque
368 735 498 794 consulto
515 736 551 792 ab
566 736 757 813 Ambiorige'
749 739 907 796 mstituitur
918 757 1023 809 sermo,
1038 739 1177 816 paulatim

186 831 403 888 circumventus
427 827 609 886 interficitur.
652 825 731 882 Tum
755 845 824 884 vero
848 847 901 886 suo
925 833 1004 886 mor‘e
1026 823 1207 887 victoriano

186 919 377 988 conclamant,
399 925 487 992 atque
516 917 660 974 ululatum
685 917 796 986 tollunt,
816 918 983 993 impetuque
1011 919 1041 976 in
1068 927 1178 976 nostros

187 1009 270 1080 facto,
285 1010 400 1068 ordines
419 1007 598 1084 perturbant.
641 1005 684 1065 Ibi
698 1006 736 1065 L.
750 1007 833 1066 Cotta
853 1027 986 1084 pugnans
1006 1009 1178 1067 interficitur

140 1111 144 1118 ’
186 1119 255 1156 oum
279 1099 409 1156 maxima·
429 1108 510 1174 perte
535 1097 676 1154 militum:
698 1097 803 1172 reliqui
824 1115 855 1152 se
872 1098 1011 1154 innostra
1025 1099 1176 1174 recipiunt,

187 1189 262 1246 unde
276 1199 359 1246 erant
373 1188 502 1266 egressi:
518 1203 555 1244 cx
569 1186 675 1261 quibus
689 1184 726 1242 L.
742 1185 916 1242 Petrosidius
931 1183 1074 1260 aquilifer,
1086 1185 1177 1258 quu'm

186 1294 291 1355 magna
303 1277 488 1335 multitudine
497 1277 620 1333 hostium
636 1283 823 1350 premeretur,
837 1275 963 1350 aquilam
978 1274 1052 1330 intra
1066 1273 1177 1329 vallum
1187 1275 1226 1331 to

122 1379 124 1386 '
186 1369 314 1444 projecit,
330 1367 390 1442 ipse
412 1385 463 1442 pro
483 1366 586 1422 castris
609 1363 762 1422 fortissime
785 1380 916 1438 pugnans
938 1361 1088 1420 occiditur.
1110 1359 1178 1434 ‚Illi

186 1475 273 1534 aegre
289 1457 324 1514 ad
345 1465 458 1514 noctem
478 1455 719 1530 oppugnationem
740 1453 897 1509 sustinent:
918 1460 1005 1508 noctu
1022 1450 1063 1508 ad
1086 1469 1177 1508 unum

185 1565 293 1616 omnes,
307 1546 457 1622 desperato
471 1545 573 1612 salute,
589 1563 620 1599 se
635 1543 689 1618 ipsi
703 1541 889 1600 interficiunt.
932 1539 1032 1609 Pauci,
1047 1559 1083 1598 ex
1097 1559 1177 1616 proe-

185 1637 225 1694 lio
237 1637 339 1713 elapsi,
354 1635 472 1693 incertis
486 1633 637 1690 itineribus
651 1649 702 1708 per
716 1631 805 1689 silvas
819 1629 855 1688 ad
870 1630 908 1689 Τ.
921 1628 1084 1688 Labienum
1099 1629 1176 1716 lega-

185 1735 247 1783 tum
261 1727 291 1782 in
305 1725 426 1782 hiberna
440 1723 620 1800 perveniunt,
636 1732 722 1797 atque
736 1739 804 1779 enm
818 1720 854 1778 de
868 1721 955 1778 rebus
975 1721 1063 1798 gestis
1077 1719 1226 1783 certio-15

186 1833 248 1873 rem
263 1814 384 1872 iaciunt.

160 1968 164 1974 ,
226 1901 405 1962 ΧΧΧἮΙΙ.’
419 1902 486 1960 Hac
501 1903 629 1960 uictoria
650 1901 782 1962 sublatus
806 1903 968 1973 Ambiorix,
993 1903 1088 1961 statim
1109 1921 1178 1961 oum

186 1994 315 2070 equitatu
329 1995 359 2050 in
374 1993 555 2062 Aduatucos,
570 1993 717 2067 quierant
731 1993 795 2068 ejus
809 2011 899 2070 regno
913 1993 1036 2064 finitimi,
1051 1993 1178 2070 proficis-

186 2085 280 2156 citur;
300 2099 395 2160 neque
409 2091 522 2140 noctem
536 2101 631 2157 neque
645 2081 721 2139 diem
736 2083 903 2152 intermittit,
918 2083 1132 2160 peditatumque
1146 2101 1178 2139 se

185 2174 323 2250 subsequi
344 2174 436 2250 jubet.
479 2171 524 2228 Re
549 2171 751 2240 demonstrata,
776 2171 998 2247 Aduatucisque
1018 2172 1177 2241 concitatis,
1188 2171 1227 2226 20

186 2273 297 2340 postero
321 2262 366 2319 die
390 2262 420 2318 in
446 2259 570 2318 Nervios
598 2261 737 2336 pervenit,
761 2260 968 2336 hortaturque3
996 2259 1045 2319 Ne
1071 2262 1118 2318 sui
1145 2260 1176 2318 in

186 2361 363 2429 perpetuum.
371 2349 521 2420 liberandi,
537 2361 623 2424 atque
639 2349 798 2408 ulciscendi
813 2350 968 2418 Romanos,
983 2367 1034 2424 pro
1048 2350 1083 2407 iis
1103 2369 1177 2424 quas

177 2427 350 2517 *acceperint
377 2439 499 2516 injuriis,
524 2439 705 2498 occasionem
733 2439 894 2496 dimittant:
922 2436 1086 2494 interfectos
1113 2455 1176 2494 essa

186 2531 296 2608 legatos
316 2531 382 2600 duo,
397 2547 592 2606 magnamque
612 2539 723 2605 partem
744 2528 888 2585 exercitus
910 2525 1042 2582 interisse
1062 2524 1177 2583 demon·

185 2630 275 2692 strat3
308 2620 379 2677 nihil
404 2637 468 2676 csse
493 2619 609 2695 negotii,
631 2618 726 2676 subito
746 2635 911 2693 oppressam
932 2613 1084 2690 legionem,
1101 2630 1176 2687 qnae
1190 2617 1230 2674 25

185 2729 255 2768 cum
275 2709 417 2768 Cicerone
437 2707 552 2778 hiemet,
572 2705 717 2780 interlici3
751 2725 782 2763 se
797 2705 833 2763 ad
857 2723 922 2762 eam
946 2721 1008 2761 rem
1030 2703 1178 2779 profitetur

186 2799 356 2874 adjutorem.
398 2797 499 2856 Facile
513 2799 569 2856 hac
583 2799 710 2856 oratione
721 2795 841 2854 Nerviis
855 2793 1017 2872 persuadet

227 2886 366 2946 XXXIX
389 2885 498 2962 Itaque,
524 2886 675 2946 confestim
702 2886 827 2945 dimissis
853 2885 969 2958 nunciis
996 2883 1033 2943 ad
1059 2863 1177 2944 Centro-
1223 2943 1232 2954 ,

185 2995 246 3046 nes,
262 2977 397 3047 Grndios,
412 2975 554 3047 Levaoos,
569 2977 759 3046 Pleumoxios‚
775 2974 932 3047 Gcidnnos,
946 2976 1003 3052 qui
1010 2995 1110 3035 ornnes
1122 2977 1178 3036 sub

185 3067 310 3126 eorum'
302 3067 421 3143 imperio
434 3076 509 3136 sunt,
524 3085 612 3142 quam
626 3067 768 3123 maximas
788 3085 893 3124 manus
906 3077 1032 3144 possunt,
1047 3076 1175 3146 cogunt3
1191 3069 1229 3127 30

185 3147 215 3214 et
234 3157 272 3214 de
291 3157 443 3234 improviso
464 3155 500 3213 ad
520 3155 669 3214 Ciceronis
689 3155 814 3214 hiberna·
829 3155 971 3226 advolant,
994 3156 1120 3215 nondum
1141 3155 1179 3214 ad

185 3265 253 3304 eum
269 3245 347 3304 fama
364 3246 401 3304 de
422 3245 531 3304 Titurii
552 3255 643 3302 morte
662 3245 783 3320 perlata.
825 3245 906 3304 Huic
927 3265 1041 3322 quoque
1063 3245 1178 3315 accidia

186 3335 262 3412 quod
277 3335 331 3394 fuit
351 3354 480 3404 necesse,
496 3344 528 3392 ut
548 3333 680 3392 nonnulli
700 3335 814 3405 milites,
829 3337 880 3412 qui
900 3335 1065 3414 lignationis
1084 3335 1178 3392 muni-

186 3425 328 3500 tionisque
356 3443 446 3485 causa
473 3425 504 3482 in
532 3424 622 3482 silvas
650 3423 858 3496 discessissent,
879 3427 1027 3502 repentino
1047 3423 1193 3497 equitum·

187 3514 312 3574 adventu
340 3515 592 3590 interciperentur.
634 3513 690 3572 His
717 3514 934 3583 circumventis,
956 3529 1063 3588 magna
1088 3525 1178 3566 manu
1192 3513 1230 3570 315

187 3603 349 3674 Eburones,
364 3603 480 3676 Nervii,
495 3603 655 3674 Aduatuci,
674 3611 760 3680 atque
781 3604 884 3662 horum
906 3601 1034 3658 omnium
1059 3597 1130 3654 socii
1151 3607 1180 3676 et

187 3694 315 3764 clientes,
338 3694 483 3771 legionem
507 3713 675 3772 oppugnare
699 3693 858 3770 incipiunt:
880 3689 968 3746 nostri
990 3687 1123 3744 celeriter
1143 3685 1179 3744 ad

186 3800 271 3841 ¹atrurn
283 3793 471 3854 concurrunt,
487 3784 598 3842 vallum
619 3781 825 3843 conscendunt.
868 3778 968 3852 Aegre
988 3776 1013 3832 is
1034 3774 1096 3833 dies
1117 3795 1179 3834 sus·

187 3881 324 3944 teutatm,
345 3873 422 3952 quod
445 3891 560 3941 ornnem
585 3889 666 3950 spem
689 3871 783 3928 hostes
805 3867 836 3926 in
859 3864 1007 3926 celeritate
1028 3859 1179 3946 ponebant,

671 3978 707 4034 9⁸
