2844 4340
199 344 353 398 Curat-³2]
615 340 714 388 LIBER
732 339 862 389 SEXTUS.
1188 335 1249 397 12¹7

240 477 397 541 XXXVII.
420 477 485 536 Hoc
513 479 574 554 ipso
600 488 726 554 tempore
754 487 782 536 et
809 497 881 538 casu
909 478 1050 538 Germani
1083 481 1196 556 equites

200 571 406 638 interveniunt,
423 568 612 644 protinusque
626 567 727 624 eodem
747 568 806 637 illo,
821 586 878 644 quo
893 578 1039 638 venerant,
1054 587 1144 626 cursu
1158 570 1195 628 ob

200 661 364 719 decumano
377 667 458 734 porto
471 659 502 714 in
516 666 614 714 cestro
627 657 787 732 irrumpere
796 666 953 714 conentur:
968 675 1023 716 neo
1038 659 1118 734 prius
1128 667 1196 716 sunt

200 751 264 819 visi,
278 747 400 824 objectis
419 747 456 803 ab
476 763 512 803 ee
534 755 616 822 perte
636 743 725 814 siluis,
737 765 838 821 ‘quam
861 747 964 804 cestris
985 747 1194 825 appropinque-

202 848 273 907 rent,
289 855 381 912 usque
403 855 446 905 eo,
462 844 502 904 ut,
517 835 568 909 qui
588 833 643 890 sub
657 833 733 891 vello
751 834 899 892 tenderent
920 845 1105 906 mercatores,
1121 837 1226 898 recl-5

201 927 296 1002 piendi
318 926 364 982 sui
388 922 556 980 facultatem
578 939 634 978 non
657 922 805 980 heberent.
847 922 1030 998 Inopinantes
1051 925 1141 982 nostri
1162 943 1195 983 re

201 1033 275 1073 nova
289 1004 501 1092 perturbentur,
512 1030 547 1068 ec
562 1011 610 1068 vix
625 1011 749 1086 primum
763 1012 901 1086 impetum
915 1014 1017 1070 cohors
1030 1014 1059 1071 in
1073 1015 1194 1072 statione

200 1106 331 1162 sustiuet.
371 1099 655 1160 Circumfunduntur
679 1119 715 1157 ex
744 1099 865 1175 reliquis
889 1101 983 1158 hostes
1008 1103 1144 1177 pertibus,
1169 1102 1195 1160 si

201 1211 287 1268 quem
302 1191 411 1248 aditum
427 1189 554 1265 reperire
576 1198 698 1264 possent.
741 1191 841 1266 Aegre
855 1189 944 1246 nostri
959 1199 1055 1265 portes
1066 1199 1194 1258 tuentur,

202 1282 326 1356 reliquos
341 1279 435 1336 editus
449 1278 533 1336 locus
548 1279 610 1353 ipse
625 1296 676 1352 per
694 1296 725 1334 se
740 1277 919 1352 munitioque
934 1275 1070 1334 defendit.
1113 1276 1194 1334 Totis
1209 1277 1247 1332 10

201 1371 360 1446 trepidatur
373 1368 485 1436 cestris,
501 1376 587 1441 etque
600 1366 678 1424 elius
692 1385 728 1423 ex
744 1365 801 1422 elio
815 1383 937 1423 oensem
952 1364 1094 1422 tumultus
1107 1383 1194 1440 quee-

201 1460 256 1516 rit:
277 1476 372 1534 neque
393 1475 451 1531 quo
473 1456 557 1532 signa
578 1454 716 1524 teruntur,
732 1471 826 1529 neque
847 1471 936 1529 quarn
950 1453 980 1510 iu
994 1463 1104 1529 portem
1118 1455 1194 1529 quis-

200 1566 258 1624 que
272 1546 434 1616 conveniat,
449 1543 608 1621 provident.
653 1543 741 1602 Alius
765 1551 851 1618 capta
870 1542 931 1617 jem
953 1555 1050 1600 cestre
1071 1561 1194 1618 pronun-

99 1695 102 1700 .
201 1639 278 1709 cist3
300 1636 384 1705 alius,
399 1634 493 1692 deleto
506 1634 637 1692 exercitu
651 1641 738 1708 etque
752 1631 934 1706 imperatore,
950 1631 1072 1690 victores
1094 1631 1194 1690 herba}

203 1743 249 1784 ros
263 1726 376 1784 venisse
397 1721 560 1782 contendit:
583 1721 715 1798 plerique
735 1739 824 1778 noves
844 1720 899 1778 sibi
912 1739 949 1777 ex
963 1720 1026 1782 loco
1040 1721 1195 1798 religiones
1208 1722 1246 1779 15

202 1815 314 1891 tingunt
326 1835 335 1886 3
365 1813 523 1887 Cottaeque
548 1821 576 1868 et
601 1807 709 1870 Titurii
736 1809 941 1879 calamitatem,
965 1811 1016 1885 qui
1039 1811 1070 1868 io
1093 1811 1195 1868 eodem

202 1903 360 1963 occiderim
373 1900 501 1969 castello,
514 1910 580 1958 ante
594 1897 693 1956 oculos
707 1908 825 1974 penum.
868 1897 937 1956 Tuli
951 1900 1053 1957 timore
1061 1900 1195 1957 crinibus

201 1993 368 2070 perterritis,
394 1989 583 2048 confirmetur
606 1987 701 2062 opinio
725 1987 864 2056 barbaris,
890 1998 922 2045 ut
945 2005 982 2046 ex
1005 1975 1119 2064 captivo
1143 2006 1194 2044 au-

203 2081 322 2151 dierant,
337 2079 452 2136 nullum
473 2095 536 2135 esse
556 2075 635 2134 intus
659 2075 844 2151 praesidium.
884 2075 1075 2153 Perrumpere
1099 2077 1193 2134 nitun-

202 2180 258 2240 tur,
273 2188 362 2245 seque
377 2169 432 2245 ipsi
446 2167 645 2234 adhortentur,
661 2183 698 2222 ne
712 2173 821 2222 tantam
838 2163 981 2225 tenuram
1002 2185 1038 2224 ex
1061 2166 1195 2224 manibus
1207 2165 1246 2225 20

202 2257 354 2316 dimittant.

243 2344 411 2406 XXXVIII.
433 2343 506 2402 Eret
533 2361 620 2420 aeger
647 2344 677 2402 tn
704 2344 846 2420 praesidio
874 2344 992 2402 relictus
1020 2341 1053 2400 P.
1078 2343 1197 2402 Sextius

202 2435 343 2504 Baculus,
351 2434 401 2509 qui
415 2434 540 2508 primum
555 2433 646 2508 pilum
661 2433 697 2489 ad
708 2433 864 2490 Caesarem
878 2430 1009 2500 duxerat,
1020 2432 1106 2506 cujus
1117 2447 1196 2488 men-

202 2523 309 2582 tionem
330 2521 526 2598 superioribus
548 2521 665 2598 proeliis
687 2519 819 2588 fecimus,
835 2538 871 2576 ao
891 2518 968 2576 diem
987 2518 1049 2592 jam
1063 2519 1197 2592 quintum

201 2613 268 2670 cibo
281 2621 428 2671 cerneret.
470 2609 538 2680 Hic,
554 2607 664 2668 diffisus
680 2627 752 2666 ense
767 2617 853 2682 etque
866 2607 995 2664 omnium
1008 2606 1106 2674 saluti,
1122 2606 1195 2664 iner-
1209 2607 1250 2674 ἦ

202 2703 258 2759 mis
271 2720 308 2758 ex
325 2699 514 2762 tabernaculo
537 2699 647 2775 prodit:
668 2697 747 2764 videt
768 2697 919 2754 imminere
941 2695 1044 2764 hostes,
1060 2703 1146 2770 atque
1166 2695 1198 2752 in

201 2809 315 2848 summo
328 2807 392 2848 esse
407 2805 469 2848 rem
482 2787 648 2846 discrimine
661 2808 668 2844 ε
689 2787 767 2863 capit
781 2803 863 2842 arma
877 2804 894 2842 s
909 2785 1054 2861 proximis,
1066 2794 1152 2861 etque
1166 2785 1198 2842 in

203 2889 284 2955 porte
294 2878 432 2940 consistit.
473 2875 697 2952 consequuntur
708 2877 787 2935 huno
798 2875 979 2932 centuriones
989 2874 1053 2950 ejus
1063 2873 1196 2944 cohortis

202 2985 277 3042 quoe
301 2968 332 3024 in
357 2967 477 3024 statione
505 2975 586 3023 eret:
615 2965 761 3042 paulisper
789 2982 848 3022 una
876 2963 1018 3041 proelium
1044 2965 1196 3024 sustinent.

203 3053 354 3132 Relinquit
381 3055 497 3114 unimus
525 3053 666 3123 Sextium,
691 3054 832 3130 gravibus
857 3055 984 3130 acceptis
1008 3053 1196 3113 vulneribus:
1210 3055 1249 3115 8⁰

203 3163 300 3220 aegre,
315 3162 367 3220 per
381 3161 486 3212 munus
500 3151 617 3211 tructus,
633 3153 776 3200 servatur.
818 3142 884 3202 Hoo
908 3145 999 3220 spetic
1023 3144 1197 3222 interposito,

203 3233 306 3308 reliqui
320 3251 384 3292 sese
398 3232 570 3290 confirment
584 3239 706 3301 tantum,
722 3242 753 3289 ut
767 3233 797 3289 in
812 3232 1019 3290 munitionibus
1041 3236 1199 3292 consistere

202 3322 337 3391 audeant,
352 3321 539 3396 speciemque
552 3318 737 3378 defensorum
754 3321 919 3396 proebeant.

243 3409 384 3468 XXXIX.
407 3408 527 3468 interim
554 3407 686 3466 confecta
713 3407 944 3479 frumentatione,
973 3407 1093 3465 milites*
1110 3403 1200 3462 nostri

203 3499 362 3572 clamorem
375 3497 552 3556 exaudiunt:
574 3507 768 3572 praecurrunt
788 3499 908 3572 equites,
923 3505 1031 3570 quento
1045 3513 1094 3552 res
1113 3493 1150 3548 sit
1169 3491 1199 3546 in
1213 3493 1252 3550 86

203 3588 344 3665 periculo,
371 3595 560 3663 cognoscunt.
603 3585 661 3644 Hic
689 3604 758 3644 uero
784 3585 868 3643 nulls
894 3582 1016 3639 munitio
1042 3591 1095 3648 est,
1123 3593 1201 3652 quae

204 3677 370 3752 perterritos
394 3675 532 3752 recipiet:
560 3675 643 3732 modo
670 3673 834 3748 conscripti,
860 3681 947 3744 etque
971 3685 1043 3724 usus
1067 3665 1202 3723 militaris

203 3765 339 3840 imperiti,
349 3764 385 3820 ad
399 3763 547 3821 tribunum
562 3763 687 3819 militum
701 3761 941 3830 centurionesque
953 3772 1003 3812 ore
1013 3763 1200 3814 convertunt:

203 3851 274 3930 quid
289 3852 326 3910 ab
340 3852 386 3910 his
408 3850 611 3928 praecipietur,
626 3854 803 3922 exspectent.
846 3843 942 3902 Nemo
963 3852 1008 3902 est
1029 3853 1089 3906 um
1111 3841 1201 3915 fortis,
