2844 4340
183 278 334 332 emer-nn
491 341 494 345 Ι
576 273 908 348 innatamus,-
1003 339 1011 350 ,
1169 271 1231 332 ‘lbi

183 419 400 494 conquieverat,
410 414 559 490 superiore
570 415 698 490 corpeus
709 425 790 490 parte
803 415 922 486 nudam,
932 416 1083 478 vulnerato
1095 435 1180 494 equo,

184 509 231 567 nix
244 525 276 565 se
290 523 328 564 ex
343 505 478 564 manibus
493 503 694 579 praedantium
709 505 832 562 militurn
848 507 981 582 eriperet.

223 595 348 654 XLVII.
369 594 553 652 Consecutus
575 593 613 662 id,
635 594 712 669 quod
737 595 839 652 animo
855 607 1049 672 proposuerat,
1072 595 1182 658 Caesar

183 688 312 762 receptui
336 685 408 746 ,cani
432 683 541 760 jussit3
571 682 751 760 legionisque
777 684 916 755 decimae,
942 705 1001 762 qua
1028 697 1091 744 tum
1118 695 1182 746 erat

182 777 342 850 comitatus,
352 775 436 850 signa
447 773 614 830 consulere.
651 773 692 830 At
708 773 886 850 reliquarum
900 777 1009 835 milites
1024 775 1179 854 legionum,
1192 783 1212 838 δ

102 925 105 930 ,
183 884 238 930 neri
259 863 406 924 exaudito,
418 863 506 926 tubae
519 881 598 932 sono,
613 862 689 937 quod
710 864 781 924 satis
795 883 901 944 magna
916 865 1008 926 valles
1020 867 1180 926 intercede.

186 955 241 1024 bat,
257 966 353 1012 tamen
369 953 406 1010 ab
420 953 543 1009 tribunis
566 951 690 1010 militum
713 953 885 1031 legatisque,
901 967 932 1013 ut
945 966 1008 1014 erat
1021 950 1180 1016 accesere

185 1045 382 1122 praecepturi,
397 1042 611 1102 retinebantur.
633 1041 683 1102 sed
703 1043 775 1108 elati
797 1063 848 1122 spe
869 1045 975 1102 celeris
990 1047 1136 1116 victumae,
1151 1057 1181 1104 et

183 1135 307 1192 hostiurn
335 1131 414 1209 friga,
440 1132 680 1207 superiorumque
708 1143 870 1208 temporum
896 1135 1032 1191 emundis
1057 1135 1180 1210 pinellis,

181 1223 254 1284 anni
277 1223 364 1280 adeo
372 1208 498 1281 arduum
518 1221 573 1278 sibi
594 1221 805 1290 existimabant,
821 1222 897 1298 quud
915 1241 972 1280 non
990 1224 1095 1280 virtute
1114 1241 1180 1280 con
1196 1231 1235 1286 tn

182 1315 265 1390 sequi
288 1321 421 1395 possent3
445 1329 539 1386 neque
563 1312 643 1388 prins
666 1312 755 1371 finem
775 1309 916 1386 sequendi
938 1310 1077 1380 fecerunt,
1093 1329 1182 1414 quam

182 1421 266 1463 muro
280 1401 382 1480 oppidi,
391 1402 536 1477 portisque
551 1401 824 1477 appropinquarent.
868 1400 948 1464 Tum
959 1419 1027 1458 vero
1041 1415 1076 1458 ex
1090 1403 1180 1458 omni-

183 1493 236 1552 bus
250 1493 331 1552 urbis
342 1491 473 1568 partibus
482 1501 543 1574 erto
553 1491 755 1566 elamore,qni
769 1491 885 1568 longius
895 1491 1024 1560 aberant,
1034 1491 1182 1567 repentino

182 1583 309 1640 tumultu
321 1581 474 1658 perterriti,
483 1599 574 1656 quum
585 1580 695 1638 hostem
706 1581 782 1638 intra
793 1590 889 1658 portes
898 1601 962 1638 esse
973 1582 1180 1652 existimarent,

163 1661 246 1731 'sese
261 1691 297 1728 ex
311 1670 413 1748 oppido
434 1671 601 1746 ejecerunt:
637 1669 747 1728 Matres
770 1669 897 1729 familiae
919 1671 954 1730 de
976 1665 1058 1732 muro
1072 1682 1180 1730 vestem
1195 1679 1232 1736 15

184 1772 395 1838 argentumque
416 1759 574 1836 jactabant,
597 1769 625 1816 et
647 1761 770 1836 pectoris
785 1761 849 1820 ,fine
864 1748 1073 1839 prominentes,
1087 1764 1182 1840 ,pessis

184 1851 316 1908 manibus
330 1849 546 1908 obtestabantur
560 1848 715 1919 RonranoS,
731 1861 762 1908 ut
778 1851 831 1910 sibi
845 1863 1008 1928 parcerent,
1023 1873 1091 1923 nen,
1105 1855 1182 1912 sieut

184 1941 307 2001 Avarici
333 1933 476 2008 fecissent,
502 1958 539 1996 ne
564 1939 737 2026 mulieribus
760 1941 879 2017 quidem
908 1953 996 2021 atque
1023 1943 1181 2004 infantibus

148 2091 151 2096 ,
183 2030 369 2088 abstinerent.
411 2027 588 2098 Nonnullae,
604 2028 639 2086 de
654 2031 746 2088 muris
761 2050 812 2107 per
826 2051 929 2093 manus
945 2033 1101 2103 demissae,
1116 2049 1182 2112 sese

113 2123 116 2130 “
184 2120 323 2184 militibus
337 2118 496 2178 tradebant.
539 2117 575 2178 L.
593 2118 713 2190 Fabiae,
729 2123 861 2190 centurio
875 2122 997 2198 legionis
1011 2131 1234 2198 inlaqueando

184 2209 258 2268 iuter
272 2227 340 2268 suus
353 2209 387 2268 e'o
401 2208 448 2268 die
462 2208 570 2276 dixisse
582 2210 741 2280 constabat,
758 2207 890 2271 Excitari
902 2231 935 2268 se
950 2198 1181 2286 Avaricensibus

185 2299 330 2374 praemiis,
355 2317 461 2374 neque¹
474 2299 701 2374 commissurum
727 2309 760 2358 nt
788 2301 867 2376 prius
888 2301 1042 2375 qnisquam
1063 2318 1181 2359 murum

184 2387 362 2457 ascenderet,
377 2397 437 2446 tres
449 2405 519 2446 suos
530 2398 641 2446 nactas,
657 2388 861 2464 manipulares,
877 2395 965 2462 atque
979 2389 1015 2447 ab
1029 2389 1066 2444 iis
1086 2388 1180 2444 suble·
1248 2394 1252 2402 '

185 2487 276 2547 vatus,
292 2495 410 2534 murum
425 2477 564 2540 ascendit
608 2477 668 2538 Eos
682 2477 743 2552 ipse
755 2493 858 2532 rursus
870 2475 1001 2550 singulos
1015 2470 1180 2552 exceptans,

184 2567 213 2624 in
230 2585 346 2624 murum
361 2566 505 2644 extulits.
1193 2577 1235 2633 25

225 2649 363 2714 XLVIII.
386 2634 537 2716 Interim
525 2658 566 2726 ri,
583 2627 637 2732 qui
666 2655 704 2714 ad
731 2655 855 2716 alteram
882 2663 994 2730 portem
1020 2653 1124 2730 oppidi,
1150 2663 1182 2712 ut

184 2765 274 2823 supra
288 2745 558 2816 demonstravimus,
574 2746 742 2806 munitionis
755 2763 855 2814 causa,
871 2753 1076 2813 convenerant,
1089 2743 1183 2820 primo

180 2835 320 2910 exaudito
330 2835 467 2906 clamore,
479 2833 546 2894 iude
558 2837 646 2894 etiam
660 2835 771 2894 erebus
785 2834 902 2894 nunciis
916 2834 1036 2904 tuorna,
1043 2833 1181 2911 oppidum

184 2944 202 2981 a
223 2925 363 2982 &manis
383 2925 485 2992 teneri,
500 2927 666 3000 praemissis
687 2925 841 3002 equitibus
857 2941 962 3002 magno
983 2941 1126 2982 concursu
1146 2938 1182 2984 ec

184 3013 402 3072 contenderunt,
444 3013 556 3072 Eorum
571 3016 740 3091 utquisque
761 3015 873 3091 primus
886 3015 1083 3086 veneransub
1097 3035 1181 3074 muro
1193 3029 1232 3082 ao

184 3102 364 3172 consistebat,
376 3121 554 3179 suorumque
564 3106 759 3180 pugnantium
769 3123 925 3164 nutrieram
937 3107 1071 3183 augebat.
1102 3107 1180 3172 Quo·

184 3210 249 3248 rum
272 3211 364 3268 quum
389 3209 496 3268 magna
521 3193 675 3250 multitado
699 3195 889 3264 convenisset,
912 3204 1033 3254 matres
1044 3195 1183 3266 familiae,

183 3297 259 3358 qnae
282 3281 369 3360 paulo
392 3292 458 3340 ante
482 3281 620 3340 Romanis
643 3283 678 3340 de
701 3302 783 3342 muno
806 3303 910 3364 manus
931 3285 1095 3353 tendebant,
1114 3300 1182 3340 snos

182 3372 326 3442 obtestari,
349 3381 378 3428 et
398 3391 477 3428 more
499 3371 614 3430 Gallico
637 3389 762 3449 passum
777 3357 918 3450 capillum
938 3384 1093 3440 edomare,
1110 3373 1182 3428 libe-

184 3478 289 3536 rosque
312 3461 341 3518 in
367 3473 555 3540 conspectum
581 3461 710 3538 proferre
734 3473 902 3539 coeperunt.
945 3462 1018 3520 Erat
1043 3449 1182 3522 Romania
1195 3469 1236 3522 35

183 3569 239 3636 nec
260 3551 335 3622 loco,
353 3561 409 3608 nec
429 3571 560 3623 numeru,
583 3571 679 3628 aequa
699 3553 863 3617 contentio:
884 3549 971 3608 slmul
994 3559 1022 3606 et
1042 3565 1132 3604 cursu
1154 3556 1186 3613 et,

184 3643 275 3718 spatio
296 3660 410 3720 pugnae
432 3639 589 3722 defatigati,
604 3661 661 3702 non
682 3642 923 3704 facile-recentes
944 3647 1030 3712 atque
1054 3637 1182 3712 integros

183 3731 374 3788 sustinebant.

225 3820 335 3882 XLIX.
358 3819 477 3893 Caesar,
502 3841 596 3899 quum
622 3823 720 3898 ianuo
748 3819 812 3881 loco
839 3818 973 3894 pugnari,
998 3817 1182 3894 hostiumque
