2830 4326
167 275 223 325 Cn.
234 283 269 332 st.
278 278 324 331 aa]
553 275 649 324 LIBER
665 277 828 330 QUARTUS.
1166 273 1210 332 ’19

166 415 332 474 ulteriorem
343 423 454 491 portum
470 414 611 490 progredi,
627 424 656 472 et
669 433 759 472 naves
773 417 976 486 conscendere,
988 427 1016 474 et
1030 435 1061 474 se
1075 417 1158 494 sequi

167 505 272 580 jussit:
295 523 313 562 a
336 504 442 579 quibus
466 521 557 579 quum
581 503 667 578 paulo
688 504 798 562 tardius
821 516 896 562 esset
917 506 1156 576 administratum,
1187 517 1189 520 '

165 596 226 670 ipse
240 595 313 652 hora
324 594 381 650 diei
395 593 512 650 circiter
524 604 629 668 quarta
642 611 710 649 cum
725 594 824 668 primis
838 595 961 652 navibus
975 594 1157 655 Britanniam

165 684 267 760 attigit,
282 692 370 758 atque
384 682 424 739 ibi
438 681 468 738 in
481 682 615 739 omnibus
628 682 752 740 collibus
765 683 908 757 expositas
922 684 1046 741 hostium
1060 686 1157 760 copias

165 782 292 830 armatas
306 772 462 846 conspexit.
502 770 595 846 Cujus
609 769 665 827 loci
679 771 752 827 haec
766 782 828 828 erat
841 781 963 829 natura:
985 773 1056 830 adeo
1078 783 1188 841 mon-5

163 863 244 932 tibus
255 861 386 936 angustis
400 877 478 916 mare
493 860 702 928 continebatur,
718 859 760 916 uti
775 878 811 916 ex
826 860 897 917 locis
910 863 1105 936 superioribus
1125 865 1156 923 iu

164 951 232 1009 litus
246 949 338 1006 telum
354 947 439 1023 adjici
453 959 556 1023 posset.
603 947 693 1005 Hunc
704 949 741 1005 ed
751 949 958 1025 egrediendum
972 969 1157 1026 nequequam

164 1038 299 1098 idoneum
321 1038 477 1094 arbitratus
501 1037 607 1106 locum,
622 1036 691 1094 dum
707 1037 836 1112 reliquae
857 1055 947 1095 nares
967 1059 1001 1096 eo
1023 1041 1155 1098 conveni.

164 1137 237 1197 rent,
266 1127 301 1184 ad
330 1127 431 1184 boram
458 1145 563 1183 nonam
591 1127 620 1182 in
649 1126 783 1184 anchoris
807 1128 995 1202 exspectavit.
1038 1127 1156 1186 Interim

163 1216 267 1294 legatis
288 1215 468 1289 tribunisque
493 1215 617 1272 militum
638 1216 811 1284 convocetis,
827 1225 855 1272 et
868 1234 944 1290 quae
958 1235 994 1272 er
1009 1215 1157 1275 Voluseno
1170 1225 1208 1280 lo

138 1297 143 1306 ’
163 1306 351 1383 cognovisset,
373 1314 401 1362 et
419 1319 495 1380 quae
518 1303 581 1360 fieri
598 1304 696 1372 vellet,
718 1305 848 1373 ostendit,
864 1305 1032 1378 monuitque
1046 1304 1093 1381 (ut
1114 1306 1157 1362 rei
1199 1375 1203 1381 Ι

163 1395 297 1451 militaris
311 1391 392 1462 ratio,
408 1393 535 1450 maxime
550 1401 581 1449 ut
595 1393 756 1457 maritimae
772 1411 819 1450 res
833 1392 1020 1468 postularent,
1036 1403 1068 1450 ut
1081 1411 1162 1469 quae

163 1483 289 1542 celerem
304 1478 389 1557 atque
404 1481 567 1540 instabilem
589 1492 698 1541 motum
718 1481 881 1558 haberent),
896 1481 1049 1539 adnutum
1071 1491 1099 1538 et
1120 1481 1157 1539 ad

163 1582 276 1650 tempus
300 1589 399 1628 omnes
421 1589 468 1627 res
489 1569 525 1627 ab
539 1571 575 1628 iis
589 1569 868 1628 administrarentur.
911 1569 966 1628 His
980 1569 1113 1640 dimissis,
1128 1581 1157 1628 et

163 1671 283 1718 rentum
295 1670 324 1716 et
337 1669 451 1716 aestum
466 1677 524 1716 uno
545 1668 672 1733 tempore
692 1669 797 1716 nactus
810 1659 981 1729 secundum,
995 1659 1060 1717 dato
1074 1661 1156 1737 signo
1170 1669 1208 1725 15

163 1757 192 1806 et
215 1748 336 1806 sublatis
356 1747 499 1817 anchoris,
514 1747 631 1805 circiter
651 1746 744 1803 millia
763 1767 900 1822 passuum
916 1767 960 1806 vu
982 1749 1018 1806 ab
1039 1767 1074 1806 eo
1094 1749 1157 1808 loco

163 1855 341 1914 progressus,
356 1846 453 1911 aperto
467 1855 502 1894 ac
517 1836 602 1912 plano
615 1835 699 1893 litore
712 1853 803 1894 naves
816 1838 971 1896 constituit.

203 1924 313 1982 XXIV.
348 1925 390 1982 At
414 1925 539 1994 barbari,
562 1925 684 1982 consilio
706 1925 904 1984 Romanorum
925 1928 1050 2004 cognito,
1075 1947 1157 2004 prae-

163 2015 249 2072 misso
263 2015 392 2090 equitatu
407 2023 435 2072 et
448 2014 610 2084 essedariis,
625 2034 683 2091 quo
703 2015 875 2093 plerumque
896 2036 1003 2094 genere
1025 2019 1055 2076 iu
1075 2030 1156 2094 proc:

162 2104 210 2164 liis
224 2103 266 2162 uti
279 2113 465 2173 consuerunt,
481 2104 602 2179 reliquis
616 2106 707 2178 copiis
727 2107 885 2173 subsecuti,
900 2115 1011 2166 nostros
1031 2107 1156 2168 navibus
1168 2115 1207 2174 se

162 2193 262 2269 egredi
275 2193 473 2268 prohibebant.
517 2191 591 2250 Erat
603 2193 639 2250 ob
654 2193 707 2250 has
728 2205 833 2250 causas
854 2213 969 2252 summa
990 2196 1154 2268 difficultas,
1243 2187 1248 2200 ⁸

162 2283 238 2359 quod
252 2299 342 2339 naves
356 2291 471 2357 propter
485 2282 723 2358 magnitudinem,
738 2283 793 2338 nisi
815 2283 844 2338 in
867 2283 933 2352 alto,
949 2287 1085 2343 constitui
1098 2305 1157 2346 non

162 2381 311 2448 poterant3
334 2371 475 2428 militibus
496 2384 593 2428 autem
614 2372 719 2447 ignotis
743 2371 823 2440 locis,
845 2371 989 2445 impeditis
1011 2376 1155 2444 manibus,

162 2479 267 2538 magno
281 2470 309 2518 et
322 2461 407 2536 gravi
422 2479 569 2518 armorum
583 2478 670 2518 onere
679 2460 832 2534 oppressis,
844 2459 931 2516 simul
946 2469 974 2517 et
987 2461 1023 2518 de
1034 2463 1157 2520 navibus

162 2550 362 2618 desiliendum,
385 2559 413 2606 et
434 2551 464 2606 in
486 2551 625 2608 fluctibus
647 2547 872 2614 consistendum,
887 2556 916 2604 et
936 2565 1005 2605 curn
1028 2549 1155 2607 hostibus
1168 2555 1209 2610 25

161 2649 223 2698 erat
238 2638 446 2716 pugnandum:
468 2657 559 2713 quum
580 2639 624 2695 illi
646 2647 697 2694 aut
718 2655 754 2694 ex
776 2635 864 2704 arido,
888 2646 937 2692 aut
958 2632 1111 2710 paululum
1125 2639 1156 2696 iu

162 2747 268 2806 equam
284 2729 436 2805 progressi,
451 2728 584 2785 omnibus
599 2726 736 2783 membris
757 2723 892 2800 expediti,
907 2726 1063 2784 notissimis
1084 2727 1157 2784 locis

163 2817 303 2876 audacter
325 2817 384 2876 tela
407 2817 593 2892 conjicerent,
619 2825 648 2873 et
672 2833 762 2890 equos
789 2811 964 2872 insuefactos
991 2815 1154 2874 incitarent.

162 2905 278 2972 Quibus
299 2907 386 2964 rebus
407 2907 496 2963 nostri
518 2907 671 2981 perterriti,
687 2914 774 2978 atque
798 2903 886 2979 hujus
905 2905 1021 2962 omnino
1040 2907 1157 2982 generis

163 3013 277 3072 pugnae
292 2996 427 3072 imperiti,
442 3013 499 3053 non
520 2994 621 3052 eadem
642 2994 792 3052 alacritate
814 3013 848 3051 ao
870 2993 971 3065 studio,
987 2997 1088 3071 quoin
1108 3015 1155 3073 pe-
1169 3000 1207 3056 30

162 3082 304 3142 destribus
319 3085 358 3141 uti
375 3084 491 3161 proeliis
505 3091 723 3152 consueverant,
739 3083 912 3142 nitebantur.

173 3209 176 3215 ·
202 3174 298 3232 XXV.
321 3174 406 3239 Quod
429 3173 479 3230 ubi
495 3173 605 3230 Caesar
619 3172 832 3242 animadvertit,
850 3191 940 3232 noves
962 3175 1071 3252 longas,
1085 3175 1158 3252 qua-⁴

163 3279 227 3320 rum
248 3273 277 3321 et
291 3264 404 3339 species
425 3272 489 3320 erat
503 3263 634 3320 barbaris
656 3263 826 3332 inusitatior,
848 3272 877 3321 et
897 3274 992 3322 motus
1012 3265 1048 3323 ad
1071 3257 1157 3323 risum

162 3352 327 3428 expeditior,
348 3352 470 3428 paulum
490 3352 632 3409 removeri
653 3353 691 3409 ab
704 3354 845 3410 onerariis
864 3354 996 3422 navibus,
1019 3362 1048 3410 et
1069 3354 1158 3409 remis

162 3440 285 3510 incitari,
308 3450 337 3498 et
350 3439 396 3498 ‘ad
417 3440 494 3498 latus
518 3449 650 3516 apertum
670 3441 795 3499 hostium
816 3441 959 3509 constitui,
984 3451 1069 3515 atque
1089 3439 1156 3496 inde
1169 3437 1208 3498 86

162 3528 266 3599 lundis,
278 3530 401 3608 sagittis,
415 3529 573 3597 tormentis,
585 3529 680 3588 hostes
694 3529 814 3606 propelli
826 3547 862 3586 ac
876 3528 1040 3586 submoveri
1052 3527 1156 3600 jussit:

161 3635 236 3694 quae
251 3637 298 3676 res
317 3637 422 3696 magno
441 3619 508 3676 usui
522 3619 626 3676 nostris
641 3618 704 3676 fuit.
747 3618 826 3675 Nam
841 3625 869 3673 et
880 3616 998 3672 navium
1009 3614 1113 3689 figura,
1128 3622 1157 3671 et

161 3721 307 3766 remorum
336 3717 422 3778 motu,
452 3717 481 3766 ct
508 3707 646 3766 inusitato
670 3724 779 3784 genere
806 3710 1011 3762 tormentcrum
1036 3701 1157 3774 permoti

162 3793 277 3854 barbari
301 3796 499 3867 constiterunt,
523 3815 559 3866 ac
584 3794 714 3871 paulum.
732 3791 814 3850 modo
845 3787 946 3866 pedem
980 3787 1154 3848 retulerunt.
