2804 4312
164 283 319 338 Gratum]
560 284 658 335 Libuit
676 287 807 338 Palatua.
1169 287 1213 346 38

44 475 51 490 ,
163 422 258 482 autde
271 421 368 482 offieio
381 421 563 498 imperatoris
575 423 740 501 desperare,
751 435 802 484 aut
815 429 1014 503 praescribere
1028 429 1158 491 rideren-

163 525 220 572 tur.
262 511 349 572 Haeo
363 511 418 570 sibi
438 531 501 570 esse
522 531 634 587 ουτως
658 514 836 576 frumentum
857 515 1015 594 Sequanos,
1031 517 1157 590 Leucoe,

163 601 313 680 Lingonas
331 602 569 675 subministrem
589 603 708 680 jamque
719 621 786 664 asse
799 607 832 664 in
844 608 923 683 agris
937 606 1083 666 frumenta
1096 627 1157 666 ma·

162 704 242 752 tura:
264 691 299 750 de
313 692 427 760 itinere,
443 691 520 768 ipsos
533 693 614 753 brevi
628 705 755 772 tempore
764 695 957 772 judioeturos.
999 697 1087 764 Quod
1100 717 1158 760 non

163 781 222 840 sore
237 781 314 840 dioto
327 781 479 840 audientes
492 783 607 851 milites,
621 802 717 860 neque
729 785 814 870 sigua
828 786 915 846 laturi
925 787 1069 858 dieantur,
1084 789 1156 848 nibil
1170 795 1189 850 ⁵

162 891 194 930 ee
215 891 252 930 aa
276 889 308 928 ra
330 872 525 930 commoveri:
555 873 631 930 seire
654 874 741 944 enim,
764 876 987 953 quibuscunque
1009 878 1158 938 exereitus

162 962 238 1020 dieto
257 961 380 1020 audiens
400 977 458 1020 nou
481 959 578 1031 suerit,
602 971 661 1032 aut,
683 964 761 1022 male
783 983 815 1024 re
835 976 927 1042 gesta,
942 965 1089 1026 fortunam
1109 967 1157 1026 de
1219 981 1222 992 ·

163 1050 272 1124 fuisse3
295 1060 356 1120 aut,
379 1051 480 1126 aliquo
502 1049 630 1110 saoinore
651 1064 807 1133 comperto,
831 1056 984 1114 arentiam
1003 1076 1067 1114 esse
1089 1075 1156 1115 oon-

160 1140 304 1216 junotam.
358 1139 452 1198 Suam
487 1139 684 1200 innoeentiam
719 1155 859 1218 perpetua
886 1145 955 1212 vita,
989 1144 1158 1204 felicitatem

163 1229 367 1290 Helvetiorum
394 1229 479 1298 bello,
507 1249 571 1288 esm
596 1242 787 1306 perspectam.
830 1229 997 1307 linquam,
1024 1233 1101 1308 quod
1128 1234 1159 1290 in
1174 1235 1211 1294 lo

163 1319 323 1396 longiorem
336 1317 412 1378 diem
429 1319 591 1379 sedaturus
604 1329 689 1388 esset,
704 1331 1011 1396 repraesentaturum
1032 1331 1063 1379 et
1077 1339 1158 1396 prox·

163 1411 225 1469 ime
239 1418 323 1466 noete
334 1408 371 1466 de
379 1420 481 1484 quarta
490 1410 593 1486 rigillo
606 1419 704 1468 eastra
717 1419 873 1480 moturum,
886 1420 917 1467 ut
930 1428 1020 1486 quam
1034 1411 1161 1486 primum

164 1498 328 1576 intelligere
349 1509 451 1576 posset,
475 1509 573 1558 utrum
597 1500 674 1576 opud
695 1517 745 1558 eos
763 1499 955 1576 puderetque
969 1499 1106 1570 odioiurn,
1122 1519 1159 1558 an

163 1589 250 1646 urnor
274 1588 392 1646 valeret.
443 1589 576 1654 Quodsi
597 1600 747 1665 praeterea
773 1607 858 1647 nemo
885 1599 1034 1666 sequetur,
1062 1599 1158 1650 tamea

163 1697 195 1737 so
214 1697 285 1736 eum
306 1677 369 1736 sola
389 1678 505 1738 deoima
519 1679 632 1756 legione
654 1679 772 1748 ituraei,
787 1679 824 1738 do
845 1695 904 1756 que
924 1699 982 1738 non
994 1680 1140 1741 dubitaret
1146 1700 1155 1753 ;
1173 1684 1214 1742 la·

164 1769 275 1844 sibique
300 1787 367 1826 eoin
390 1769 563 1844 praetoriam
584 1769 730 1826 eohortem
757 1767 899 1828 futuram.
939 1769 1023 1829 Huio
1050 1769 1159 1848 legioni

155 1857 272 1918 Caesar
285 1868 314 1914 et
324 1857 487 1916 indulserat
500 1859 666 1934 praecipue,
673 1869 704 1916 et
716 1869 833 1936 propter
846 1860 984 1918 virtutem
998 1859 1159 1918 oonfidebat

164 1949 301 2006 maxine.
1180 1961 1185 1974 ⁴

204 2035 284 2096 XLI.
307 2035 376 2099 Hae
397 2037 526 2096 oratione
548 2037 655 2108 habita,
680 2039 786 2096 mirum
809 2039 839 2096 in
860 2039 978 2098 modurn
998 2051 1159 2097 conversae

164 2137 231 2197 aunt
243 2127 375 2184 omnium
396 2135 515 2196 insutos,
530 2145 704 2204 summaque
725 2129 861 2186 alacritas
879 2139 910 2186 et
931 2129 1074 2205 copiditas
1088 2129 1158 2186 belli
1170 2131 1211 2190 20

164 2215 284 2293 gerendi
306 2216 407 2277 innata
429 2225 491 2287 est3
513 2217 706 2293 princepsque
725 2217 838 2280 deeima
860 2219 937 2295 legio
958 2233 1009 2294 per
1029 2219 1160 2276 tribunos
1201 2263 1203 2272 ,

165 2304 289 2364 militum
303 2307 332 2364 ei
345 2306 455 2382 gratias
465 2306 533 2382 egit,
542 2306 621 2383 quod
629 2305 666 2364 de
674 2326 707 2365 se
718 2308 862 2384 optimum
869 2308 1015 2384 judicium
1025 2307 1157 2380 senisset3

164 2414 254 2470 seque
274 2414 338 2454 ease
360 2395 398 2454 ad
419 2395 528 2452 bellum
549 2397 710 2472 gerendum
733 2399 944 2473 paratissimam
966 2398 1158 2457 confirmavit.

165 2483 279 2542 Deinde
299 2483 431 2560 reliquae
453 2485 583 2562 legiones
605 2505 656 2562 per
669 2486 800 2543 tribunos
811 2485 938 2541 rnilitum
959 2495 987 2541 at
1002 2487 1160 2560 primorum

165 2574 301 2632 ordinum
315 2574 500 2634 eenturiones
521 2585 655 2652 egerunt,
671 2575 714 2632 uti
732 2574 855 2631 Caesari
877 2571 1099 2630 satisfacerent:
1121 2572 1160 2632 Se
1172 2575 1212 2631 ab

165 2683 261 2740 neque
284 2681 414 2738 uuquam
435 2663 582 2724 dubitasse
602 2681 698 2739 neque
718 2662 857 2729 timuisse,
872 2679 968 2736 neque
990 2659 1027 2718 de
1047 2677 1161 2718 summa

165 2753 235 2812 belli
257 2771 346 2812 sumn
375 2753 527 2828 judicium,
552 2753 604 2812 sed
632 2752 813 2830 imperatoris
839 2769 912 2820 esse,
936 2750 1159 2808 existimavisse.

166 2842 278 2900 Eorum
292 2843 486 2902 satisfactione
501 2853 631 2920 incepta,
646 2854 675 2901 et
695 2842 798 2900 itinere
818 2841 960 2916 exquisito
974 2859 1025 2918 per
1039 2839 1159 2899 Divitia·

166 2949 245 3001 oum,
259 2932 387 3008 quodex
402 2931 498 2991 Gallis
511 2933 540 2990 ei
554 2934 711 2990 maximam
733 2932 820 2990 fidem
840 2931 973 3002 habebat,
989 2941 1021 2989 ut
1034 2932 1160 2991 millium

166 3022 292 3098 amplius
305 3021 517 3098 quinquaginta
530 3023 666 3092 oirouitu‚
681 3021 752 3082 loeis
767 3023 882 3098 apertis,
897 3023 1059 3081 exereitum
1073 3023 1159 3080 duoe—
1171 3025 1212 3080 30

167 3121 219 3178 ret,
233 3111 269 3169 de
283 3121 389 3187 quone
403 3112 512 3188 vigilia,
528 3121 561 3169 ut
575 3111 695 3180 dixerat,
711 3111 919 3187 preieotusest.
960 3113 1089 3190 Septimo
1099 3113 1159 3182 die,

165 3219 256 3276 quum
270 3202 326 3258 iter
339 3219 395 3258 non
414 3201 624 3270 internuttereb
640 3201 676 3258 ab
696 3202 927 3277 exploratoribus
946 3203 1052 3260 certior
1066 3201 1161 3260 iaetus

160 3278 219 3360 est,
235 3291 376 3348 Ariovisti
396 3291 495 3368 sepias
512 3309 533 3348 a
554 3291 662 3348 nostris
682 3290 811 3348 millibus
832 3309 972 3368 passuum
994 3301 1119 3368 quatuor
1133 3300 1162 3347 et

167 3379 271 3456 viginti
282 3379 396 3438 abeme.

208 3467 302 3528 XLII.
332 3470 456 3546 Cognito
474 3469 613 3528 Caesaris
636 3469 771 3540 adventu,
795 3471 963 3529 Ariovistus
991 3469 1105 3545 legates
1125 3465 1161 3522 ad
1174 3469 1213 3524 35

166 3575 235 3615 eum
256 3560 361 3616 nabit:
382 3559 470 3624 Quod
491 3570 577 3618 antea
597 3560 633 3617 de
655 3559 800 3635 oolloquio
821 3559 1000 3636 postulasset,
1015 3554 1044 3612 id
1065 3572 1117 3630 per
1130 3573 1162 3612 se

116 3677 118 3685 ·
167 3647 233 3704 deri
259 3647 359 3719 licere,
387 3649 525 3725 queniam
552 3650 670 3727 propius
699 3651 902 3717 aeoesdssst3·
926 3662 1015 3719 seque
1043 3643 1072 3698 id
1099 3643 1162 3700 sine

168 3737 300 3812 periculo
314 3737 411 3806 faeere
426 3757 509 3816 posse
529 3741 708 3797 existimare.
751 3737 819 3793 Non
841 3733 951 3808 respuit
971 3731 1163 3792 conditionem

165 3825 295 3885 Ceasar:
314 3828 434 3906 jamque
446 3843 516 3886 eam
526 3828 565 3886 ad
580 3823 850 3885 uubmemmveuti
859 3820 1062 3892 arbitrabatur,
1073 3838 1164 3898 qutun
