2804 4312
180 281 222 342 ω
541 287 584 332 DE
604 285 710 334 BELLO
729 283 872 332 GALLICO
1003 246 1006 256 Ι
1074 285 1222 337 [Genti-ti.

232 425 369 484 umulntc
377 427 532 484 tilecserem
541 421 678 489 amicitis,
687 419 762 494 quod
777 421 938 478 exercitum
952 421 982 477 in
997 421 1096 480 Gallie
1109 423 1222 492 hebent,

232 513 278 573 sui
298 513 476 590 opprimendi
495 529 585 568 censo
605 510 721 567 hebere.
763 508 823 573 Qui
844 509 900 568 nisi
921 509 1050 580 decedat,
1066 521 1154 588 etque
1173 528 1222 569 en.

231 602 355 660 ercitum
367 599 492 658 deducat
505 617 541 658 ex
556 599 601 656 his
614 598 788 674 regionibus,
803 617 866 656 sese
879 598 964 656 illum
978 617 1035 656 uon
1054 617 1105 675 pro
1119 602 1222 670 emico,

231 689 281 748 sed
303 707 356 764 pro
374 689 454 746 hoste
474 688 657 745 habitururn:
678 687 755 764 quod
780 687 805 744 si
827 705 896 746 eum
917 687 1103 758 interfecerit,
1124 691 1223 750 multis
1247 758 1250 769 ¹

198 785 217 838 d
231 796 294 836 ssse
304 778 447 834 nobilibus
462 777 696 852 principibusque
706 776 808 852 Populi
820 776 944 834 Romani
958 787 1077 853 grutum¹
1086 797 1149 836 esse
1162 779 1222 838 snc-

230 876 348 926 turum:
369 867 398 922 id
412 885 444 924 se
458 866 496 923 ab
508 867 577 942 ipsis
597 885 763 942 percorum
777 867 899 924 nuncios
913 877 1090 943 compertum
1105 867 1222 938 habere,

229 973 353 1031 quorum
366 956 494 1014 omniurn
503 956 626 1033 gretiam
636 965 722 1030 etque
732 925 889 1014 amicitiam
898 955 962 1031 ejus
976 957 1221 1018 morteredimcre

229 1053 332 1120 posset.
374 1044 459 1110 Quod
474 1045 688 1113 sidccessisoel,
700 1063 735 1104 oc
749 1044 870 1102 liberem
884 1046 1090 1122 possessionem
1106 1045 1223 1106 Gallico

229 1133 283 1192 sibi
307 1134 479 1204 tradidisset,
500 1153 607 1213 magno
630 1155 661 1192 sc
685 1135 771 1192 illum
795 1136 922 1209 proemio
947 1143 1220 1207 remuneraturum

178 1228 266 1292 luet,
289 1239 485 1300 quaecuuque
508 1225 583 1284 bellu
606 1225 669 1302 geri
694 1224 790 1293 vellet,
814 1225 877 1282 sinc
903 1223 962 1285 ullo
986 1223 1050 1300 ejus
1072 1223 1168 1284 labore
1192 1234 1222 1286 et
1300 1249 1302 1254 ·

228 1313 360 1389 periculo
372 1314 583 1373 confecturum.

269 1401 364 1460 XLV.
388 1402 483 1461 Multa
507 1405 544 1462 ab
564 1404 691 1464 Caesare
715 1405 830 1464 ineam
854 1403 1026 1462 seutentiam
1046 1402 1124 1462 dictu
1144 1413 1221 1472 sum,

142 1519 144 1524 ·
228 1509 318 1568 quare
340 1494 454 1568 negotio
477 1493 614 1552 desistere
638 1511 695 1552 non
719 1503 821 1570 posset,
847 1505 876 1552 ct
901 1503 998 1568 neque
1020 1511 1103 1550 suern
1126 1511 1221 1568 neque

229 1581 331 1657 Populi
345 1581 470 1640 Romani
483 1582 723 1640 consuetudinem
739 1584 808 1658 poti,
823 1583 865 1640 uti
878 1583 985 1657 optime
999 1583 1115 1638 meritos
1129 1583 1222 1638 socios

177 1673 214 1726 15
228 1669 391 1742 desererem
413 1689 507 1746 neque
521 1691 552 1728 se
571 1671 705 1746 judicare
727 1671 857 1731 Gellium
877 1669 971 1746 potius
988 1688 1055 1730 esse
1070 1669 1221 1738 Ariovisti,

226 1779 316 1834 quom
335 1759 436 1835 Populi
463 1759 596 1818 Romani.
652 1759 735 1816 Bello
759 1768 907 1834 superstes
931 1777 994 1816 csse
1019 1759 1168 1816 Arvernos
1191 1767 1220 1816 et

228 1847 358 1930 Rutenos
381 1849 419 1905 ub
440 1847 480 1914 Q.
507 1848 599 1908 Fobio
623 1847 760 1917 Monimo,
775 1849 890 1923 ‘quibus
914 1846 1043 1922 Populus
1069 1846 1222 1906 Romanus

227 1939 399 2014 ignovisset3
422 1955 517 2012 neque
532 1939 561 1994 in
575 1937 754 2013 provinciam
764 1937 930 2014 redegisset,
941 1951 1036 2011 neque
1045 1935 1220 2011 stipendium

227 2027 417 2104 imposuisset.
460 2026 592 2092 Quodsi
613 2025 842 2102 antiquissimum
857 2024 991 2101 quodque
1012 2034 1125 2099 tempus
1138 2045 1220 2100 spec.

173 2118 283 2178 imeri
307 2125 458 2192 oporteret,
483 2115 585 2190 Populi
609 2115 733 2172 Romani
755 2115 947 2191 justissimum
969 2133 1034 2172 esse
1060 2115 1091 2170 in
1120 2113 1223 2174 Gallie

227 2206 398 2283 inperium:
425 2206 451 2262 si
472 2204 617 2280 judicium
638 2203 763 2262 Senatus
787 2204 898 2261 serrnri
920 2212 1072 2279 oporteret,
1098 2203 1220 2262 liberem

227 2295 331 2354 debere
354 2314 419 2354 esse
447 2294 586 2363 Gellium,
608 2311 696 2369 quom
724 2293 799 2352 bello
823 2293 930 2350 victum
951 2293 1015 2352 suis
1042 2291 1155 2369 legibus
1177 2295 1220 2352 uti
1247 2299 1249 2306 '

225 2385 374 2442 voluisset.
769 2431 773 2438 .

267 2473 378 2532 XLVI.
400 2473 480 2532 Dum
494 2473 568 2530 hoec
588 2473 618 2530 in
632 2471 775 2546 colloquio
794 2480 944 2547 geruntur,
964 2468 1085 2546 Caesari
1099 2464 1219 2530 nuncio·

174 2569 290 2626 fidium
314 2571 366 2634 est,
381 2565 495 2641 equites
511 2561 650 2620 Ariovisti
669 2561 786 2638 propius
805 2559 950 2618 tumulum
972 2560 1120 2630 accedere,
1135 2571 1164 2622 et
1184 2561 1220 2618 od

226 2663 338 2712 nostros
365 2653 550 2730 adequitare3
588 2649 699 2727 lapides
725 2649 839 2724 teloque
867 2649 897 2707 in
924 2658 1035 2708 nostros
1062 2650 1217 2725 conjicere.

226 2741 337 2801 Cuesor
350 2742 484 2818 loquendi
499 2743 587 2799 linem
601 2740 691 2811 secit3
714 2757 804 2814 seque
818 2737 854 2796 ed
868 2755 935 2796 suos
949 2739 1058 2814 recepit
1070 2758 1078 2810 3
1100 2740 1219 2814 suisque

227 2831 389 2905 imperavit,
403 2831 530 2905 nequod
544 2830 659 2886 omnino
673 2828 763 2886 telum
777 2829 808 2884 iu
822 2828 916 2884 hostes
931 2827 1092 2902 rejicerent.
1129 2827 1224 2902 Nom,-

227 2919 281 2974 etsi
293 2919 357 2974 sine
373 2917 570 2992 ulloperioulo
579 2917 701 2992 legionis
715 2917 844 2974 delectae
853 2935 922 2976 curn
930 2917 1059 2991 equitatu
1077 2916 1220 2989 proelium

176 3011 218 3068 3ο
229 3004 288 3062 ione
313 3003 437 3073 videbat,
458 3015 555 3062 tomen
576 3005 811 3063 committendum
832 3023 891 3063 non
913 3004 1039 3080 putebat,
1061 3013 1101 3072 ut,
1127 3003 1219 3078 pulsis

227 3093 364 3161 hostibus,
379 3091 437 3149 dici
452 3101 554 3168 posset,
569 3112 618 3150 eos
631 3093 669 3150 ob
683 3113 714 3152 se
729 3093 881 3170 perfidem
894 3095 924 3150 in
938 3091 1081 3167 colloquio
1091 3091 1217 3150 circurn-

227 3191 337 3240 ventos.
386 3179 576 3255 Posteaquam
603 3182 633 3238 in
660 3182 769 3258 vulgus
796 3183 921 3240 rnilitum
947 3181 1055 3240 elotum
1083 3189 1220 3256 estque

228 3268 394 3346 crrogumis
407 3269 437 3326 iu
451 3269 594 3344 colloquio
605 3270 770 3328 Ariovistus
784 3289 863 3342 usus,
874 3271 952 3330 orrrni
967 3269 1066 3330 Gallie
1080 3268 1220 3328 Romanis

227 3357 430 3427 interdixisset,
445 3358 642 3434 impetumque
662 3359 692 3414 iu
713 3369 824 3418 nostros
843 3362 908 3436 ejus
926 3360 1040 3436 equites
1061 3357 1219 3431 iecisseut3

176 3455 321 3523 suesque
345 3465 393 3504 ree
415 3446 592 3522 colloquium
616 3456 649 3504 ut
670 3446 839 3518 diremisset,
854 3450 945 3508 multo
968 3449 1060 3524 major
1084 3447 1220 3506 clamites

228 3535 413 3610 studiumque
428 3534 575 3612 pugnandi
590 3535 685 3610 majus
697 3537 828 3594 exercitu
836 3538 981 3612 injectum
995 3548 1048 3598 est.

232 3647 235 3654 ¹
268 3623 392 3682 XLVII.
416 3624 508 3684 Biduo
522 3633 585 3701 post
598 3624 766 3684 Ariovistus
779 3624 815 3682 sd
829 3624 986 3686 Caesarem
1000 3627 1111 3704 legatos
1124 3627 1218 3696 mittit,

228 3713 315 3772 Velle
335 3731 366 3772 se
389 3713 426 3772 de
450 3713 495 3772 his
519 3715 613 3784 rebus,
637 3731 713 3790 quoe
734 3713 810 3772 inter
831 3732 880 3772 eos
905 3715 956 3792 egi
974 3727 1102 3792 coeptos,
1124 3733 1219 3792 nequo

229 3799 484 3874 perlecoeessent,
499 3807 588 3882 egere
601 3823 671 3865 oum
684 3821 733 3864 eo:
756 3804 797 3862 uti
811 3805 977 3866 cutitcrum
984 3795 1130 3884 colloquio
1142 3803 1220 3862 dem
