<?xml version="1.0" encoding="UTF-8"?>
<!DOCTYPE html PUBLIC "-//W3C//DTD XHTML 1.0 Transitional//EN"
    "http://www.w3.org/TR/xhtml1/DTD/xhtml1-transitional.dtd">
<html xmlns="http://www.w3.org/1999/xhtml" xml:lang="en" lang="en">
 <head>
  <title>
</title>
<meta http-equiv="Content-Type" content="text/html;charset=utf-8" />
  <meta name='ocr-system' content='tesseract 3.04.00' />
  <meta name='ocr-capabilities' content='ocr_page ocr_carea ocr_par ocr_line ocrx_word'/>
</head>
<body>
  <div class='ocr_page' id='page_1' title='image "./cjuliuscaesarsc00spengoog_0052.png"; bbox 0 0 2804 4312; ppageno 0'>
   <div class='ocr_carea' id='block_1_1' title="bbox 202 254 1244 318">
    <p class='ocr_par' dir='ltr' id='par_1_1' title="bbox 202 254 1244 318">
     <span class='ocr_line' id='line_1_1' title="bbox 202 254 1244 318; baseline 0 -6"><span class='ocrx_word' id='word_1_1' title='bbox 202 254 244 312; x_wconf 72' lang='lat'>42</span> <span class='ocrx_word' id='word_1_2' title='bbox 565 263 608 312; x_wconf 80' lang='lat' dir='ltr'>DE</span> <span class='ocrx_word' id='word_1_3' title='bbox 625 263 730 312; x_wconf 72' lang='lat' dir='ltr'>natac</span> <span class='ocrx_word' id='word_1_4' title='bbox 746 262 888 310; x_wconf 72' lang='lat' dir='ltr'>canuno</span> <span class='ocrx_word' id='word_1_5' title='bbox 1119 265 1186 318; x_wconf 65' lang='lat' dir='ltr'>[Cer.</span> <span class='ocrx_word' id='word_1_6' title='bbox 1196 271 1244 314; x_wconf 73' lang='grc' dir='ltr'>Η.</span> 
     </span>
    </p>
   </div>
   <div class='ocr_carea' id='block_1_2' title="bbox 194 400 1245 3866">
    <p class='ocr_par' dir='ltr' id='par_1_2' title="bbox 201 400 1245 1442">
     <span class='ocr_line' id='line_1_2' title="bbox 256 400 1245 482; baseline -0.001 -18"><span class='ocrx_word' id='word_1_7' title='bbox 256 459 258 464; x_wconf 81' lang='grc'>,</span> <span class='ocrx_word' id='word_1_8' title='bbox 292 401 330 460; x_wconf 86' lang='grc' dir='ltr'>ΙΙ.</span> <span class='ocrx_word' id='word_1_9' title='bbox 353 401 393 460; x_wconf 90' lang='lat' dir='ltr'>lis</span> <span class='ocrx_word' id='word_1_10' title='bbox 413 403 529 460; x_wconf 89' lang='lat' dir='ltr'>nunciis</span> <span class='ocrx_word' id='word_1_11' title='bbox 550 402 698 478; x_wconf 76' lang='lat' dir='ltr'>literisque</span> <span class='ocrx_word' id='word_1_12' title='bbox 720 410 878 460; x_wconf 90' lang='lat' dir='ltr'>commotus</span> <span class='ocrx_word' id='word_1_13' title='bbox 898 400 1008 460; x_wconf 84' lang='lat' dir='ltr'>Caesar</span> <span class='ocrx_word' id='word_1_14' title='bbox 1021 401 1099 460; x_wconf 86' lang='lat' dir='ltr'>duas</span> <span class='ocrx_word' id='word_1_15' title='bbox 1115 402 1245 482; x_wconf 77' lang='lat' dir='ltr'><strong>legiones</strong></span> 
     </span>
     <span class='ocr_line' id='line_1_3' title="bbox 251 491 1243 568; baseline 0.005 -21"><span class='ocrx_word' id='word_1_16' title='bbox 251 491 282 548; x_wconf 90' lang='lat' dir='ltr'>in</span> <span class='ocrx_word' id='word_1_17' title='bbox 296 492 429 550; x_wconf 88' lang='lat' dir='ltr'>citeriore</span> <span class='ocrx_word' id='word_1_18' title='bbox 440 491 539 550; x_wconf 87' lang='lat' dir='ltr'>Gallia</span> <span class='ocrx_word' id='word_1_19' title='bbox 551 509 642 550; x_wconf 80' lang='lat' dir='ltr'>noras</span> <span class='ocrx_word' id='word_1_20' title='bbox 656 492 844 568; x_wconf 82' lang='lat' dir='ltr'>conscripsit3</span> <span class='ocrx_word' id='word_1_21' title='bbox 867 500 895 548; x_wconf 91' lang='lat' dir='ltr'>et</span> <span class='ocrx_word' id='word_1_22' title='bbox 909 492 980 560; x_wconf 84' lang='lat' dir='ltr'>inita</span> <span class='ocrx_word' id='word_1_23' title='bbox 994 501 1112 562; x_wconf 76' lang='lat' dir='ltr'>aestate,</span> <span class='ocrx_word' id='word_1_24' title='bbox 1128 493 1158 550; x_wconf 91' lang='lat' dir='ltr'>in</span> <span class='ocrx_word' id='word_1_25' title='bbox 1172 494 1243 553; x_wconf 89' lang='lat' dir='ltr'>inte·</span> 
     </span>
     <span class='ocr_line' id='line_1_4' title="bbox 252 579 1242 657; baseline 0.005 -21"><span class='ocrx_word' id='word_1_26' title='bbox 252 581 357 638; x_wconf 87' lang='lat' dir='ltr'>riorem</span> <span class='ocrx_word' id='word_1_27' title='bbox 381 581 510 640; x_wconf 83' lang='lat' dir='ltr'>Gelliam</span> <span class='ocrx_word' id='word_1_28' title='bbox 532 582 584 656; x_wconf 89' lang='lat' dir='ltr'>qui</span> <span class='ocrx_word' id='word_1_29' title='bbox 608 581 772 650; x_wconf 74' lang='lat' dir='ltr'>deduceret,</span> <span class='ocrx_word' id='word_1_30' title='bbox 796 580 834 645; x_wconf 87' lang='lat' dir='ltr'>Q.</span> <span class='ocrx_word' id='word_1_31' title='bbox 857 579 979 638; x_wconf 89' lang='lat' dir='ltr'>Pedium</span> <span class='ocrx_word' id='word_1_32' title='bbox 1003 581 1132 657; x_wconf 89' lang='lat' dir='ltr'>legatum</span> <span class='ocrx_word' id='word_1_33' title='bbox 1156 584 1242 641; x_wconf 86' lang='lat' dir='ltr'>misit.</span> 
     </span>
     <span class='ocr_line' id='line_1_5' title="bbox 251 669 1243 746; baseline 0.003 -19"><span class='ocrx_word' id='word_1_34' title='bbox 251 669 325 745; x_wconf 91' lang='lat' dir='ltr'>Ipse,</span> <span class='ocrx_word' id='word_1_35' title='bbox 339 689 430 746; x_wconf 86' lang='lat' dir='ltr'>quum</span> <span class='ocrx_word' id='word_1_36' title='bbox 445 672 569 746; x_wconf 90' lang='lat' dir='ltr'>primum</span> <span class='ocrx_word' id='word_1_37' title='bbox 580 669 678 746; x_wconf 89' lang='lat' dir='ltr'>pabuli</span> <span class='ocrx_word' id='word_1_38' title='bbox 693 671 776 746; x_wconf 90' lang='lat' dir='ltr'>copia</span> <span class='ocrx_word' id='word_1_39' title='bbox 789 687 852 726; x_wconf 88' lang='lat' dir='ltr'>esse</span> <span class='ocrx_word' id='word_1_40' title='bbox 866 670 1015 745; x_wconf 84' lang='lat' dir='ltr'>inciperet,</span> <span class='ocrx_word' id='word_1_41' title='bbox 1029 670 1067 726; x_wconf 87' lang='lat' dir='ltr'>ad</span> <span class='ocrx_word' id='word_1_42' title='bbox 1082 673 1243 732; x_wconf 85' lang='lat' dir='ltr'>exercitum</span> 
     </span>
     <span class='ocr_line' id='line_1_6' title="bbox 219 757 1242 837; baseline 0.002 -21"><span class='ocrx_word' id='word_1_43' title='bbox 219 767 239 822; x_wconf 80' lang='grc'>5</span> <span class='ocrx_word' id='word_1_44' title='bbox 252 761 348 832; x_wconf 87' lang='lat' dir='ltr'>venit;</span> <span class='ocrx_word' id='word_1_45' title='bbox 372 759 419 818; x_wconf 88' lang='lat' dir='ltr'>dat</span> <span class='ocrx_word' id='word_1_46' title='bbox 432 761 580 837; x_wconf 86' lang='lat' dir='ltr'>negotium</span> <span class='ocrx_word' id='word_1_47' title='bbox 588 759 750 818; x_wconf 83' lang='lat' dir='ltr'>Senonibus</span> <span class='ocrx_word' id='word_1_48' title='bbox 765 759 941 836; x_wconf 82' lang='lat' dir='ltr'>reliquisque</span> <span class='ocrx_word' id='word_1_49' title='bbox 951 757 1055 828; x_wconf 84' lang='lat' dir='ltr'>Gallis,</span> <span class='ocrx_word' id='word_1_50' title='bbox 1065 761 1117 834; x_wconf 90' lang='lat' dir='ltr'>qui</span> <span class='ocrx_word' id='word_1_51' title='bbox 1128 761 1242 819; x_wconf 86' lang='lat' dir='ltr'>finitimi</span> 
     </span>
     <span class='ocr_line' id='line_1_7' title="bbox 251 847 1240 926; baseline 0.004 -20"><span class='ocrx_word' id='word_1_52' title='bbox 251 848 351 926; x_wconf 83' lang='lat' dir='ltr'>Belgis</span> <span class='ocrx_word' id='word_1_53' title='bbox 372 859 463 918; x_wconf 90' lang='lat' dir='ltr'>erant,</span> <span class='ocrx_word' id='word_1_54' title='bbox 485 849 527 906; x_wconf 90' lang='lat' dir='ltr'>uti</span> <span class='ocrx_word' id='word_1_55' title='bbox 548 866 593 918; x_wconf 88' lang='lat' dir='ltr'>ea,</span> <span class='ocrx_word' id='word_1_56' title='bbox 615 867 691 924; x_wconf 89' lang='lat' dir='ltr'>quae</span> <span class='ocrx_word' id='word_1_57' title='bbox 714 847 790 923; x_wconf 87' lang='lat' dir='ltr'>apud</span> <span class='ocrx_word' id='word_1_58' title='bbox 810 867 860 905; x_wconf 91' lang='lat' dir='ltr'>eos</span> <span class='ocrx_word' id='word_1_59' title='bbox 883 857 1030 924; x_wconf 88' lang='lat' dir='ltr'>gerantur,</span> <span class='ocrx_word' id='word_1_60' title='bbox 1045 861 1219 925; x_wconf 87' lang='lat' dir='ltr'>cognoscant</span> <span class='ocrx_word' id='word_1_61' title='bbox 1230 869 1240 923; x_wconf 86' lang='lat'>;</span> 
     </span>
     <span class='ocr_line' id='line_1_8' title="bbox 250 935 1242 1014; baseline 0.002 -18"><span class='ocrx_word' id='word_1_62' title='bbox 250 957 339 1014; x_wconf 88' lang='lat' dir='ltr'>seque</span> <span class='ocrx_word' id='word_1_63' title='bbox 354 939 389 996; x_wconf 92' lang='lat' dir='ltr'>de</span> <span class='ocrx_word' id='word_1_64' title='bbox 410 939 455 996; x_wconf 87' lang='lat' dir='ltr'>his</span> <span class='ocrx_word' id='word_1_65' title='bbox 469 939 556 996; x_wconf 88' lang='lat' dir='ltr'>rebus</span> <span class='ocrx_word' id='word_1_66' title='bbox 570 939 722 996; x_wconf 79' lang='lat' dir='ltr'>certiorem</span> <span class='ocrx_word' id='word_1_67' title='bbox 744 935 861 994; x_wconf 83' lang='lat' dir='ltr'>faciant.</span> <span class='ocrx_word' id='word_1_68' title='bbox 904 936 945 994; x_wconf 92' lang='lat' dir='ltr'>Hi</span> <span class='ocrx_word' id='word_1_69' title='bbox 966 946 1130 997; x_wconf 80' lang='lat' dir='ltr'>constanter</span> <span class='ocrx_word' id='word_1_70' title='bbox 1142 957 1242 998; x_wconf 84' lang='lat' dir='ltr'>omnes</span> 
     </span>
     <span class='ocr_line' id='line_1_9' title="bbox 250 1025 1240 1104; baseline -0.001 -17"><span class='ocrx_word' id='word_1_71' title='bbox 250 1029 463 1087; x_wconf 86' lang='lat' dir='ltr'>nunciaverunt</span> <span class='ocrx_word' id='word_1_72' title='bbox 478 1045 581 1084; x_wconf 88' lang='lat' dir='ltr'>manus</span> <span class='ocrx_word' id='word_1_73' title='bbox 590 1028 665 1104; x_wconf 88' lang='lat' dir='ltr'>cogi,</span> <span class='ocrx_word' id='word_1_74' title='bbox 682 1027 842 1086; x_wconf 87' lang='lat' dir='ltr'>exercitum</span> <span class='ocrx_word' id='word_1_75' title='bbox 853 1026 884 1082; x_wconf 92' lang='lat' dir='ltr'>in</span> <span class='ocrx_word' id='word_1_76' title='bbox 896 1045 986 1084; x_wconf 89' lang='lat' dir='ltr'>uuum</span> <span class='ocrx_word' id='word_1_77' title='bbox 996 1025 1092 1084; x_wconf 92' lang='lat' dir='ltr'>locum</span> <span class='ocrx_word' id='word_1_78' title='bbox 1106 1027 1240 1086; x_wconf 88' lang='lat' dir='ltr'>conduci.</span> 
     </span>
     <span class='ocr_line' id='line_1_10' title="bbox 251 1115 1240 1192; baseline 0.002 -19"><span class='ocrx_word' id='word_1_79' title='bbox 251 1115 330 1173; x_wconf 90' lang='lat' dir='ltr'>Tum</span> <span class='ocrx_word' id='word_1_80' title='bbox 344 1135 413 1175; x_wconf 90' lang='lat' dir='ltr'>vero</span> <span class='ocrx_word' id='word_1_81' title='bbox 427 1116 617 1174; x_wconf 85' lang='lat' dir='ltr'>dubitandum</span> <span class='ocrx_word' id='word_1_82' title='bbox 639 1134 696 1174; x_wconf 89' lang='lat' dir='ltr'>non</span> <span class='ocrx_word' id='word_1_83' title='bbox 717 1116 901 1184; x_wconf 83' lang='lat' dir='ltr'>existimavit,</span> <span class='ocrx_word' id='word_1_84' title='bbox 917 1116 987 1191; x_wconf 91' lang='lat' dir='ltr'>quin</span> <span class='ocrx_word' id='word_1_85' title='bbox 1008 1115 1044 1172; x_wconf 87' lang='lat' dir='ltr'>ad</span> <span class='ocrx_word' id='word_1_86' title='bbox 1058 1135 1107 1174; x_wconf 90' lang='lat' dir='ltr'>eos</span> <span class='ocrx_word' id='word_1_87' title='bbox 1121 1116 1240 1192; x_wconf 86' lang='lat' dir='ltr'>[duode-</span> 
     </span>
     <span class='ocr_line' id='line_1_11' title="bbox 201 1203 1243 1282; baseline -0.004 -14"><span class='ocrx_word' id='word_1_88' title='bbox 201 1213 237 1268; x_wconf 87' lang='lat'>10</span> <span class='ocrx_word' id='word_1_89' title='bbox 250 1206 326 1264; x_wconf 88' lang='lat' dir='ltr'>cimo</span> <span class='ocrx_word' id='word_1_90' title='bbox 345 1205 406 1282; x_wconf 88' lang='lat' dir='ltr'>die]</span> <span class='ocrx_word' id='word_1_91' title='bbox 428 1207 670 1282; x_wconf 87' lang='lat' dir='ltr'>proficisceretur.</span> <span class='ocrx_word' id='word_1_92' title='bbox 713 1204 758 1262; x_wconf 87' lang='lat' dir='ltr'>Re</span> <span class='ocrx_word' id='word_1_93' title='bbox 783 1203 974 1262; x_wconf 79' lang='lat' dir='ltr'>frumentaria</span> <span class='ocrx_word' id='word_1_94' title='bbox 999 1205 1121 1280; x_wconf 85' lang='lat' dir='ltr'>provisa,</span> <span class='ocrx_word' id='word_1_95' title='bbox 1146 1216 1243 1264; x_wconf 87' lang='lat' dir='ltr'>castra</span> 
     </span>
     <span class='ocr_line' id='line_1_12' title="bbox 226 1293 1240 1372; baseline 0 -20"><span class='ocrx_word' id='word_1_96' title='bbox 226 1323 229 1328; x_wconf 92' lang='lat'>·</span> <span class='ocrx_word' id='word_1_97' title='bbox 250 1304 353 1365; x_wconf 88' lang='lat' dir='ltr'>movet,</span> <span class='ocrx_word' id='word_1_98' title='bbox 368 1294 528 1371; x_wconf 90' lang='lat' dir='ltr'>diebusque</span> <span class='ocrx_word' id='word_1_99' title='bbox 542 1296 659 1356; x_wconf 78' lang='lat' dir='ltr'>circiter</span> <span class='ocrx_word' id='word_1_100' title='bbox 672 1293 837 1370; x_wconf 88' lang='lat' dir='ltr'>quindecim</span> <span class='ocrx_word' id='word_1_101' title='bbox 859 1293 981 1356; x_wconf 86' lang='lat' dir='ltr'>adfines</span> <span class='ocrx_word' id='word_1_102' title='bbox 999 1293 1158 1372; x_wconf 76' lang='lat' dir='ltr'>Belgarum</span> <span class='ocrx_word' id='word_1_103' title='bbox 1179 1313 1240 1372; x_wconf 84' lang='lat' dir='ltr'>per·</span> 
     </span>
     <span class='ocr_line' id='line_1_13' title="bbox 250 1377 1065 1442; baseline 0.002 -1"><span class='ocrx_word' id='word_1_104' title='bbox 250 1385 338 1442; x_wconf 85' lang='lat' dir='ltr'>venit.</span> <span class='ocrx_word' id='word_1_105' title='bbox 1062 1377 1065 1384; x_wconf 68' lang='grc'>’</span> 
     </span>
    </p>

    <p class='ocr_par' dir='ltr' id='par_1_3' title="bbox 250 1472 1242 1638">
     <span class='ocr_line' id='line_1_14' title="bbox 289 1472 1241 1553; baseline 0.001 -22"><span class='ocrx_word' id='word_1_106' title='bbox 289 1473 358 1531; x_wconf 51' lang='lat' dir='ltr'>III(</span> <span class='ocrx_word' id='word_1_107' title='bbox 375 1473 420 1531; x_wconf 91' lang='lat' dir='ltr'>Eo</span> <span class='ocrx_word' id='word_1_108' title='bbox 443 1493 535 1548; x_wconf 85' lang='lat' dir='ltr'>quum</span> <span class='ocrx_word' id='word_1_109' title='bbox 558 1474 593 1530; x_wconf 92' lang='lat' dir='ltr'>de</span> <span class='ocrx_word' id='word_1_110' title='bbox 619 1473 782 1548; x_wconf 85' lang='lat' dir='ltr'>improviso,</span> <span class='ocrx_word' id='word_1_111' title='bbox 805 1472 987 1548; x_wconf 88' lang='lat' dir='ltr'>celeriusque</span> <span class='ocrx_word' id='word_1_112' title='bbox 1010 1473 1089 1530; x_wconf 91' lang='lat' dir='ltr'>omni</span> <span class='ocrx_word' id='word_1_113' title='bbox 1110 1474 1241 1553; x_wconf 88' lang='lat' dir='ltr'>opinione</span> 
     </span>
     <span class='ocr_line' id='line_1_15' title="bbox 250 1560 1242 1638; baseline 0.004 -22"><span class='ocrx_word' id='word_1_114' title='bbox 250 1561 384 1630; x_wconf 89' lang='lat' dir='ltr'>venisset,</span> <span class='ocrx_word' id='word_1_115' title='bbox 401 1561 495 1630; x_wconf 83' lang='lat' dir='ltr'>Remi,</span> <span class='ocrx_word' id='word_1_116' title='bbox 511 1563 560 1638; x_wconf 92' lang='lat' dir='ltr'>qui</span> <span class='ocrx_word' id='word_1_117' title='bbox 576 1562 697 1636; x_wconf 83' lang='lat' dir='ltr'>proximi</span> <span class='ocrx_word' id='word_1_118' title='bbox 713 1560 830 1618; x_wconf 88' lang='lat' dir='ltr'>Galliae</span> <span class='ocrx_word' id='word_1_119' title='bbox 853 1579 889 1618; x_wconf 85' lang='lat' dir='ltr'>ex</span> <span class='ocrx_word' id='word_1_120' title='bbox 909 1561 1010 1637; x_wconf 86' lang='lat' dir='ltr'>Belgis</span> <span class='ocrx_word' id='word_1_121' title='bbox 1031 1571 1107 1631; x_wconf 86' lang='lat' dir='ltr'>sunt,</span> <span class='ocrx_word' id='word_1_122' title='bbox 1123 1562 1158 1618; x_wconf 87' lang='lat' dir='ltr'>od</span> <span class='ocrx_word' id='word_1_123' title='bbox 1173 1581 1242 1620; x_wconf 85' lang='lat' dir='ltr'>eum</span> 
     </span>
    </p>

    <p class='ocr_par' dir='ltr' id='par_1_4' title="bbox 200 1647 1242 2080">
     <span class='ocr_line' id='line_1_16' title="bbox 200 1647 1241 1724; baseline 0 -16"><span class='ocrx_word' id='word_1_124' title='bbox 200 1655 237 1710; x_wconf 80' lang='lat'>15</span> <span class='ocrx_word' id='word_1_125' title='bbox 249 1648 359 1724; x_wconf 83' lang='lat' dir='ltr'>legatos</span> <span class='ocrx_word' id='word_1_126' title='bbox 380 1647 490 1706; x_wconf 89' lang='lat' dir='ltr'>Iccium</span> <span class='ocrx_word' id='word_1_127' title='bbox 511 1660 540 1708; x_wconf 89' lang='lat' dir='ltr'>et</span> <span class='ocrx_word' id='word_1_128' title='bbox 562 1649 782 1724; x_wconf 86' lang='lat' dir='ltr'>Antebrogium,</span> <span class='ocrx_word' id='word_1_129' title='bbox 806 1649 912 1724; x_wconf 87' lang='lat' dir='ltr'>primos</span> <span class='ocrx_word' id='word_1_130' title='bbox 933 1651 1068 1718; x_wconf 85' lang='lat' dir='ltr'>civitatis,</span> <span class='ocrx_word' id='word_1_131' title='bbox 1091 1651 1241 1722; x_wconf 83' lang='lat' dir='ltr'>miserunt,</span> 
     </span>
     <span class='ocr_line' id='line_1_17' title="bbox 249 1735 1242 1814; baseline 0.004 -21"><span class='ocrx_word' id='word_1_132' title='bbox 249 1738 300 1812; x_wconf 92' lang='lat' dir='ltr'>qui</span> <span class='ocrx_word' id='word_1_133' title='bbox 313 1737 451 1805; x_wconf 86' lang='lat' dir='ltr'>dicerent,</span> <span class='ocrx_word' id='word_1_134' title='bbox 473 1735 512 1794; x_wconf 87' lang='lat' dir='ltr'>Se</span> <span class='ocrx_word' id='word_1_135' title='bbox 534 1756 644 1812; x_wconf 88' lang='lat' dir='ltr'>suaque</span> <span class='ocrx_word' id='word_1_136' title='bbox 666 1738 763 1794; x_wconf 86' lang='lat' dir='ltr'>omnia</span> <span class='ocrx_word' id='word_1_137' title='bbox 783 1737 812 1793; x_wconf 93' lang='lat' dir='ltr'>in</span> <span class='ocrx_word' id='word_1_138' title='bbox 827 1736 914 1794; x_wconf 83' lang='lat' dir='ltr'>fidem</span> <span class='ocrx_word' id='word_1_139' title='bbox 928 1747 1014 1812; x_wconf 89' lang='lat' dir='ltr'>atque</span> <span class='ocrx_word' id='word_1_140' title='bbox 1028 1739 1059 1794; x_wconf 89' lang='lat' dir='ltr'>in</span> <span class='ocrx_word' id='word_1_141' title='bbox 1073 1748 1242 1814; x_wconf 87' lang='lat' dir='ltr'>potestatem</span> 
     </span>
     <span class='ocr_line' id='line_1_18' title="bbox 250 1825 1242 1907; baseline 0.006 -25"><span class='ocrx_word' id='word_1_142' title='bbox 250 1825 352 1902; x_wconf 88' lang='lat' dir='ltr'>Populi</span> <span class='ocrx_word' id='word_1_143' title='bbox 377 1825 500 1882; x_wconf 89' lang='lat' dir='ltr'>Romani</span> <span class='ocrx_word' id='word_1_144' title='bbox 528 1826 710 1901; x_wconf 84' lang='lat' dir='ltr'>permittere3</span> <span class='ocrx_word' id='word_1_145' title='bbox 733 1841 827 1900; x_wconf 89' lang='lat' dir='ltr'>neque</span> <span class='ocrx_word' id='word_1_146' title='bbox 851 1845 883 1882; x_wconf 90' lang='lat' dir='ltr'>se</span> <span class='ocrx_word' id='word_1_147' title='bbox 908 1844 977 1882; x_wconf 86' lang='lat' dir='ltr'>curn</span> <span class='ocrx_word' id='word_1_148' title='bbox 1001 1826 1121 1902; x_wconf 88' lang='lat' dir='ltr'>reliquis</span> <span class='ocrx_word' id='word_1_149' title='bbox 1141 1827 1242 1907; x_wconf 86' lang='lat' dir='ltr'>Belgis</span> 
     </span>
     <span class='ocr_line' id='line_1_19' title="bbox 249 1913 1240 1990; baseline 0.002 -18"><span class='ocrx_word' id='word_1_150' title='bbox 249 1915 436 1982; x_wconf 88' lang='lat' dir='ltr'>consensisse,</span> <span class='ocrx_word' id='word_1_151' title='bbox 451 1933 547 1990; x_wconf 89' lang='lat' dir='ltr'>neque</span> <span class='ocrx_word' id='word_1_152' title='bbox 569 1925 669 1971; x_wconf 84' lang='lat' dir='ltr'>contra</span> <span class='ocrx_word' id='word_1_153' title='bbox 684 1913 825 1990; x_wconf 87' lang='lat' dir='ltr'>Populum</span> <span class='ocrx_word' id='word_1_154' title='bbox 848 1913 1013 1972; x_wconf 86' lang='lat' dir='ltr'>Romanum</span> <span class='ocrx_word' id='word_1_155' title='bbox 1036 1917 1151 1975; x_wconf 90' lang='lat' dir='ltr'>omnino</span> <span class='ocrx_word' id='word_1_156' title='bbox 1172 1937 1240 1976; x_wconf 86' lang='lat' dir='ltr'>con.</span> 
     </span>
     <span class='ocr_line' id='line_1_20' title="bbox 246 2002 1240 2080; baseline 0.007 -21"><span class='ocrx_word' id='word_1_157' title='bbox 246 2002 378 2078; x_wconf 83' lang='lat' dir='ltr'>jurasse:</span> <span class='ocrx_word' id='word_1_158' title='bbox 400 2012 571 2079; x_wconf 88' lang='lat' dir='ltr'>paratosque</span> <span class='ocrx_word' id='word_1_159' title='bbox 594 2021 657 2060; x_wconf 90' lang='lat' dir='ltr'>esse</span> <span class='ocrx_word' id='word_1_160' title='bbox 680 2013 707 2060; x_wconf 90' lang='lat' dir='ltr'>et</span> <span class='ocrx_word' id='word_1_161' title='bbox 728 2003 840 2060; x_wconf 89' lang='lat' dir='ltr'>obsides</span> <span class='ocrx_word' id='word_1_162' title='bbox 854 2003 923 2060; x_wconf 86' lang='lat' dir='ltr'>dare</span> <span class='ocrx_word' id='word_1_163' title='bbox 937 2014 966 2062; x_wconf 90' lang='lat' dir='ltr'>et</span> <span class='ocrx_word' id='word_1_164' title='bbox 987 2005 1129 2080; x_wconf 88' lang='lat' dir='ltr'>imperata</span> <span class='ocrx_word' id='word_1_165' title='bbox 1143 2005 1240 2066; x_wconf 86' lang='lat' dir='ltr'>secere</span> 
     </span>
    </p>

    <p class='ocr_par' dir='ltr' id='par_1_5' title="bbox 197 2091 1241 2528">
     <span class='ocr_line' id='line_1_21' title="bbox 197 2091 1239 2171; baseline 0.002 -17"><span class='ocrx_word' id='word_1_166' title='bbox 197 2099 236 2154; x_wconf 74' lang='lat'>20</span> <span class='ocrx_word' id='word_1_167' title='bbox 249 2102 277 2150; x_wconf 92' lang='lat' dir='ltr'>et</span> <span class='ocrx_word' id='word_1_168' title='bbox 298 2092 408 2170; x_wconf 92' lang='lat' dir='ltr'>oppidis</span> <span class='ocrx_word' id='word_1_169' title='bbox 429 2093 568 2168; x_wconf 89' lang='lat' dir='ltr'>recipere,</span> <span class='ocrx_word' id='word_1_170' title='bbox 591 2101 619 2150; x_wconf 91' lang='lat' dir='ltr'>et</span> <span class='ocrx_word' id='word_1_171' title='bbox 642 2091 785 2149; x_wconf 86' lang='lat' dir='ltr'>frumento</span> <span class='ocrx_word' id='word_1_172' title='bbox 807 2093 987 2170; x_wconf 86' lang='lat' dir='ltr'>eaeterisque</span> <span class='ocrx_word' id='word_1_173' title='bbox 1010 2094 1096 2152; x_wconf 87' lang='lat' dir='ltr'>rebus</span> <span class='ocrx_word' id='word_1_174' title='bbox 1115 2095 1239 2171; x_wconf 86' lang='lat' dir='ltr'>juvare:</span> 
     </span>
     <span class='ocr_line' id='line_1_22' title="bbox 248 2181 1241 2261; baseline 0.007 -23"><span class='ocrx_word' id='word_1_175' title='bbox 248 2182 375 2258; x_wconf 88' lang='lat' dir='ltr'>reliquos</span> <span class='ocrx_word' id='word_1_176' title='bbox 389 2199 489 2240; x_wconf 85' lang='lat' dir='ltr'>omnes</span> <span class='ocrx_word' id='word_1_177' title='bbox 503 2181 609 2258; x_wconf 82' lang='lat' dir='ltr'>Belgas</span> <span class='ocrx_word' id='word_1_178' title='bbox 622 2182 653 2238; x_wconf 91' lang='lat' dir='ltr'>in</span> <span class='ocrx_word' id='word_1_179' title='bbox 668 2182 756 2239; x_wconf 90' lang='lat' dir='ltr'>armis</span> <span class='ocrx_word' id='word_1_180' title='bbox 776 2199 858 2239; x_wconf 89' lang='lat' dir='ltr'>esse:</span> <span class='ocrx_word' id='word_1_181' title='bbox 881 2181 1110 2259; x_wconf 82' lang='lat' dir='ltr'>Germanosque,</span> <span class='ocrx_word' id='word_1_182' title='bbox 1126 2186 1175 2261; x_wconf 90' lang='lat' dir='ltr'>qui</span> <span class='ocrx_word' id='word_1_183' title='bbox 1196 2187 1241 2245; x_wconf 88' lang='lat' dir='ltr'>cis</span> 
     </span>
     <span class='ocr_line' id='line_1_23' title="bbox 249 2269 1240 2348; baseline 0.006 -20"><span class='ocrx_word' id='word_1_184' title='bbox 249 2269 385 2330; x_wconf 86' lang='lat' dir='ltr'>Rhenum</span> <span class='ocrx_word' id='word_1_185' title='bbox 399 2272 537 2340; x_wconf 88' lang='lat' dir='ltr'>incolunt,</span> <span class='ocrx_word' id='word_1_186' title='bbox 559 2289 622 2330; x_wconf 87' lang='lat' dir='ltr'>sese</span> <span class='ocrx_word' id='word_1_187' title='bbox 636 2289 705 2328; x_wconf 91' lang='lat' dir='ltr'>cum</span> <span class='ocrx_word' id='word_1_188' title='bbox 719 2271 764 2328; x_wconf 90' lang='lat' dir='ltr'>his</span> <span class='ocrx_word' id='word_1_189' title='bbox 778 2272 972 2346; x_wconf 87' lang='lat' dir='ltr'>conjunxisse,</span> <span class='ocrx_word' id='word_1_190' title='bbox 992 2281 1162 2348; x_wconf 87' lang='lat' dir='ltr'>tantumque</span> <span class='ocrx_word' id='word_1_191' title='bbox 1176 2293 1240 2334; x_wconf 91' lang='lat' dir='ltr'>esse</span> 
     </span>
     <span class='ocr_line' id='line_1_24' title="bbox 248 2359 1240 2436; baseline 0.004 -18"><span class='ocrx_word' id='word_1_192' title='bbox 248 2379 349 2418; x_wconf 87' lang='lat' dir='ltr'>eorum</span> <span class='ocrx_word' id='word_1_193' title='bbox 371 2361 499 2418; x_wconf 89' lang='lat' dir='ltr'>omnium</span> <span class='ocrx_word' id='word_1_194' title='bbox 522 2359 658 2430; x_wconf 79' lang='lat' dir='ltr'>furorem,</span> <span class='ocrx_word' id='word_1_195' title='bbox 670 2370 714 2428; x_wconf 87' lang='lat' dir='ltr'>ut,</span> <span class='ocrx_word' id='word_1_196' title='bbox 738 2379 776 2418; x_wconf 87' lang='lat' dir='ltr'>ne</span> <span class='ocrx_word' id='word_1_197' title='bbox 798 2361 968 2418; x_wconf 85' lang='lat' dir='ltr'>Suessiones</span> <span class='ocrx_word' id='word_1_198' title='bbox 988 2361 1115 2436; x_wconf 92' lang='lat' dir='ltr'>quidem,</span> <span class='ocrx_word' id='word_1_199' title='bbox 1137 2361 1240 2422; x_wconf 82' lang='lat' dir='ltr'>iratres</span> 
     </span>
     <span class='ocr_line' id='line_1_25' title="bbox 248 2449 1240 2528; baseline 0.002 -20"><span class='ocrx_word' id='word_1_200' title='bbox 248 2450 533 2527; x_wconf 75' lang='lat' dir='ltr'>consanguineosque</span> <span class='ocrx_word' id='word_1_201' title='bbox 558 2469 634 2519; x_wconf 88' lang='lat' dir='ltr'>suos,</span> <span class='ocrx_word' id='word_1_202' title='bbox 657 2451 709 2524; x_wconf 91' lang='lat' dir='ltr'>qui</span> <span class='ocrx_word' id='word_1_203' title='bbox 733 2449 832 2506; x_wconf 90' lang='lat' dir='ltr'>eodem</span> <span class='ocrx_word' id='word_1_204' title='bbox 852 2449 920 2525; x_wconf 84' lang='lat' dir='ltr'>jure</span> <span class='ocrx_word' id='word_1_205' title='bbox 944 2460 973 2508; x_wconf 91' lang='lat' dir='ltr'>et</span> <span class='ocrx_word' id='word_1_206' title='bbox 997 2450 1105 2508; x_wconf 87' lang='lat' dir='ltr'>eisdem</span> <span class='ocrx_word' id='word_1_207' title='bbox 1126 2452 1240 2528; x_wconf 89' lang='lat' dir='ltr'>legibus</span> 
     </span>
    </p>

    <p class='ocr_par' dir='ltr' id='par_1_6' title="bbox 196 2539 1239 2706">
     <span class='ocr_line' id='line_1_26' title="bbox 196 2539 1239 2618; baseline -0.002 -18"><span class='ocrx_word' id='word_1_208' title='bbox 196 2544 235 2600; x_wconf 77' lang='lat'>25</span> <span class='ocrx_word' id='word_1_209' title='bbox 249 2549 375 2609; x_wconf 89' lang='lat' dir='ltr'>utantur,</span> <span class='ocrx_word' id='word_1_210' title='bbox 392 2559 482 2597; x_wconf 91' lang='lat' dir='ltr'>unum</span> <span class='ocrx_word' id='word_1_211' title='bbox 504 2540 666 2616; x_wconf 90' lang='lat' dir='ltr'>imperium,</span> <span class='ocrx_word' id='word_1_212' title='bbox 690 2557 838 2613; x_wconf 92' lang='lat' dir='ltr'>unumque</span> <span class='ocrx_word' id='word_1_213' title='bbox 860 2539 1059 2616; x_wconf 87' lang='lat' dir='ltr'>magistratum</span> <span class='ocrx_word' id='word_1_214' title='bbox 1081 2559 1150 2598; x_wconf 88' lang='lat' dir='ltr'>cum</span> <span class='ocrx_word' id='word_1_215' title='bbox 1171 2540 1239 2618; x_wconf 88' lang='lat' dir='ltr'>ipsis</span> 
     </span>
     <span class='ocr_line' id='line_1_27' title="bbox 247 2625 1149 2706; baseline -0.002 -18"><span class='ocrx_word' id='word_1_216' title='bbox 247 2630 379 2700; x_wconf 87' lang='lat' dir='ltr'>habeant,</span> <span class='ocrx_word' id='word_1_217' title='bbox 395 2627 540 2688; x_wconf 86' lang='lat' dir='ltr'>deterrere</span> <span class='ocrx_word' id='word_1_218' title='bbox 555 2629 706 2706; x_wconf 89' lang='lat' dir='ltr'>potuerint,</span> <span class='ocrx_word' id='word_1_219' title='bbox 721 2627 791 2702; x_wconf 87' lang='lat' dir='ltr'>quin</span> <span class='ocrx_word' id='word_1_220' title='bbox 806 2646 874 2685; x_wconf 90' lang='lat' dir='ltr'>cum</span> <span class='ocrx_word' id='word_1_221' title='bbox 886 2625 931 2684; x_wconf 90' lang='lat' dir='ltr'>his</span> <span class='ocrx_word' id='word_1_222' title='bbox 945 2630 1149 2687; x_wconf 88' lang='lat' dir='ltr'>consentirent.</span> 
     </span>
    </p>

    <p class='ocr_par' dir='ltr' id='par_1_7' title="bbox 247 2717 1239 2972">
     <span class='ocr_line' id='line_1_28' title="bbox 287 2717 1238 2794; baseline 0 -18"><span class='ocrx_word' id='word_1_223' title='bbox 287 2719 341 2776; x_wconf 91' lang='lat' dir='ltr'>IV.</span> <span class='ocrx_word' id='word_1_224' title='bbox 363 2719 465 2784; x_wconf 80' lang='lat' dir='ltr'>Quum</span> <span class='ocrx_word' id='word_1_225' title='bbox 480 2720 515 2776; x_wconf 86' lang='lat' dir='ltr'>eb</span> <span class='ocrx_word' id='word_1_226' title='bbox 529 2719 575 2776; x_wconf 92' lang='lat' dir='ltr'>his</span> <span class='ocrx_word' id='word_1_227' title='bbox 588 2727 750 2794; x_wconf 84' lang='lat' dir='ltr'>quaereret,</span> <span class='ocrx_word' id='word_1_228' title='bbox 765 2736 840 2792; x_wconf 87' lang='lat' dir='ltr'>quae</span> <span class='ocrx_word' id='word_1_229' title='bbox 854 2717 996 2787; x_wconf 87' lang='lat' dir='ltr'>civitates,</span> <span class='ocrx_word' id='word_1_230' title='bbox 1011 2727 1193 2794; x_wconf 76' lang='lat' dir='ltr'>quantaeque</span> <span class='ocrx_word' id='word_1_231' title='bbox 1208 2719 1238 2776; x_wconf 86' lang='lat' dir='ltr'>in</span> 
     </span>
     <span class='ocr_line' id='line_1_29' title="bbox 248 2806 1237 2883; baseline 0 -17"><span class='ocrx_word' id='word_1_232' title='bbox 248 2809 336 2866; x_wconf 85' lang='lat' dir='ltr'>armis</span> <span class='ocrx_word' id='word_1_233' title='bbox 351 2817 455 2878; x_wconf 89' lang='lat' dir='ltr'>essent,</span> <span class='ocrx_word' id='word_1_234' title='bbox 470 2818 498 2865; x_wconf 90' lang='lat' dir='ltr'>et</span> <span class='ocrx_word' id='word_1_235' title='bbox 517 2808 586 2882; x_wconf 93' lang='lat' dir='ltr'>quid</span> <span class='ocrx_word' id='word_1_236' title='bbox 601 2809 631 2864; x_wconf 87' lang='lat' dir='ltr'>in</span> <span class='ocrx_word' id='word_1_237' title='bbox 646 2807 721 2866; x_wconf 91' lang='lat' dir='ltr'>bello</span> <span class='ocrx_word' id='word_1_238' title='bbox 731 2819 853 2883; x_wconf 88' lang='lat' dir='ltr'>possent,</span> <span class='ocrx_word' id='word_1_239' title='bbox 868 2807 911 2864; x_wconf 89' lang='lat' dir='ltr'>sic</span> <span class='ocrx_word' id='word_1_240' title='bbox 932 2806 1109 2882; x_wconf 85' lang='lat' dir='ltr'>reperiebat:</span> <span class='ocrx_word' id='word_1_241' title='bbox 1132 2808 1237 2883; x_wconf 85' lang='lat' dir='ltr'>pleros·</span> 
     </span>
     <span class='ocr_line' id='line_1_30' title="bbox 247 2895 1239 2972; baseline 0.002 -20"><span class='ocrx_word' id='word_1_242' title='bbox 247 2915 304 2971; x_wconf 91' lang='lat' dir='ltr'>que</span> <span class='ocrx_word' id='word_1_243' title='bbox 317 2895 427 2972; x_wconf 86' lang='lat' dir='ltr'>Belgas</span> <span class='ocrx_word' id='word_1_244' title='bbox 442 2915 506 2954; x_wconf 85' lang='lat' dir='ltr'>esse</span> <span class='ocrx_word' id='word_1_245' title='bbox 526 2906 602 2956; x_wconf 89' lang='lat' dir='ltr'>ortos</span> <span class='ocrx_word' id='word_1_246' title='bbox 615 2896 653 2952; x_wconf 87' lang='lat' dir='ltr'>ab</span> <span class='ocrx_word' id='word_1_247' title='bbox 667 2895 842 2968; x_wconf 88' lang='lat' dir='ltr'>Germanis;</span> <span class='ocrx_word' id='word_1_248' title='bbox 866 2895 1059 2970; x_wconf 87' lang='lat' dir='ltr'>Rhenumque</span> <span class='ocrx_word' id='word_1_249' title='bbox 1081 2897 1239 2972; x_wconf 84' lang='lat' dir='ltr'>antiquitus</span> 
     </span>
    </p>

    <p class='ocr_par' dir='ltr' id='par_1_8' title="bbox 194 2983 1239 3418">
     <span class='ocr_line' id='line_1_31' title="bbox 194 2983 1237 3062; baseline 0.001 -20"><span class='ocrx_word' id='word_1_250' title='bbox 194 2987 234 3042; x_wconf 78' lang='lat'>30</span> <span class='ocrx_word' id='word_1_251' title='bbox 248 2985 401 3054; x_wconf 86' lang='lat' dir='ltr'>traductos,</span> <span class='ocrx_word' id='word_1_252' title='bbox 418 2994 532 3061; x_wconf 89' lang='lat' dir='ltr'>propter</span> <span class='ocrx_word' id='word_1_253' title='bbox 546 2985 602 3041; x_wconf 87' lang='lat' dir='ltr'>loni</span> <span class='ocrx_word' id='word_1_254' title='bbox 625 2983 801 3042; x_wconf 84' lang='lat' dir='ltr'>fertilitatem</span> <span class='ocrx_word' id='word_1_255' title='bbox 822 2985 862 3041; x_wconf 92' lang='lat' dir='ltr'>ibi</span> <span class='ocrx_word' id='word_1_256' title='bbox 879 2984 1052 3055; x_wconf 86' lang='lat' dir='ltr'>consedisse,</span> <span class='ocrx_word' id='word_1_257' title='bbox 1069 2984 1237 3062; x_wconf 89' lang='lat' dir='ltr'>Gallosque,</span> 
     </span>
     <span class='ocr_line' id='line_1_32' title="bbox 246 3071 1239 3152; baseline 0 -22"><span class='ocrx_word' id='word_1_258' title='bbox 246 3073 297 3149; x_wconf 92' lang='lat' dir='ltr'>qui</span> <span class='ocrx_word' id='word_1_259' title='bbox 311 3092 347 3130; x_wconf 86' lang='lat' dir='ltr'>ea</span> <span class='ocrx_word' id='word_1_260' title='bbox 360 3071 425 3130; x_wconf 91' lang='lat' dir='ltr'>loca</span> <span class='ocrx_word' id='word_1_261' title='bbox 438 3071 605 3142; x_wconf 90' lang='lat' dir='ltr'>incolerent,</span> <span class='ocrx_word' id='word_1_262' title='bbox 621 3074 786 3152; x_wconf 84' lang='lat' dir='ltr'>expulisse;</span> <span class='ocrx_word' id='word_1_263' title='bbox 809 3073 941 3150; x_wconf 89' lang='lat' dir='ltr'>solosque</span> <span class='ocrx_word' id='word_1_264' title='bbox 960 3093 1033 3142; x_wconf 91' lang='lat' dir='ltr'>esse,</span> <span class='ocrx_word' id='word_1_265' title='bbox 1048 3075 1108 3149; x_wconf 92' lang='lat' dir='ltr'>qui,</span> <span class='ocrx_word' id='word_1_266' title='bbox 1123 3085 1239 3152; x_wconf 87' lang='lat' dir='ltr'>patrum</span> 
     </span>
     <span class='ocr_line' id='line_1_33' title="bbox 246 3161 1236 3233; baseline -0.001 -12"><span class='ocrx_word' id='word_1_267' title='bbox 246 3171 408 3221; x_wconf 84' lang='lat' dir='ltr'>nostrorum</span> <span class='ocrx_word' id='word_1_268' title='bbox 428 3161 575 3232; x_wconf 88' lang='lat' dir='ltr'>memoria,</span> <span class='ocrx_word' id='word_1_269' title='bbox 591 3162 668 3219; x_wconf 90' lang='lat' dir='ltr'>omni</span> <span class='ocrx_word' id='word_1_270' title='bbox 690 3162 788 3220; x_wconf 87' lang='lat' dir='ltr'>Gallia</span> <span class='ocrx_word' id='word_1_271' title='bbox 802 3173 916 3233; x_wconf 86' lang='lat' dir='ltr'>vexata,</span> <span class='ocrx_word' id='word_1_272' title='bbox 933 3161 1080 3221; x_wconf 89' lang='lat' dir='ltr'>Teutones</span> <span class='ocrx_word' id='word_1_273' title='bbox 1093 3163 1236 3220; x_wconf 87' lang='lat' dir='ltr'>Cimbros-</span> 
     </span>
     <span class='ocr_line' id='line_1_34' title="bbox 245 3247 1236 3328; baseline 0.002 -20"><span class='ocrx_word' id='word_1_274' title='bbox 245 3270 303 3326; x_wconf 89' lang='lat' dir='ltr'>que</span> <span class='ocrx_word' id='word_1_275' title='bbox 317 3247 393 3310; x_wconf 78' lang='lat' dir='ltr'>intra</span> <span class='ocrx_word' id='word_1_276' title='bbox 408 3251 480 3308; x_wconf 87' lang='lat' dir='ltr'>fines</span> <span class='ocrx_word' id='word_1_277' title='bbox 494 3269 561 3308; x_wconf 89' lang='lat' dir='ltr'>suos</span> <span class='ocrx_word' id='word_1_278' title='bbox 581 3249 694 3326; x_wconf 87' lang='lat' dir='ltr'>ingredi</span> <span class='ocrx_word' id='word_1_279' title='bbox 716 3251 924 3328; x_wconf 85' lang='lat' dir='ltr'>prohibuerint.</span> <span class='ocrx_word' id='word_1_280' title='bbox 966 3251 1036 3316; x_wconf 81' lang='lat' dir='ltr'>Qua</span> <span class='ocrx_word' id='word_1_281' title='bbox 1057 3270 1094 3308; x_wconf 86' lang='lat' dir='ltr'>ex</span> <span class='ocrx_word' id='word_1_282' title='bbox 1117 3269 1149 3308; x_wconf 87' lang='lat' dir='ltr'>re</span> <span class='ocrx_word' id='word_1_283' title='bbox 1164 3251 1236 3322; x_wconf 88' lang='lat' dir='ltr'>fieri,</span> 
     </span>
     <span class='ocr_line' id='line_1_35' title="bbox 246 3340 1236 3418; baseline -0.003 -19"><span class='ocrx_word' id='word_1_284' title='bbox 246 3343 288 3400; x_wconf 92' lang='lat' dir='ltr'>uti</span> <span class='ocrx_word' id='word_1_285' title='bbox 308 3359 411 3402; x_wconf 85' lang='lat' dir='ltr'>earum</span> <span class='ocrx_word' id='word_1_286' title='bbox 427 3358 525 3396; x_wconf 88' lang='lat' dir='ltr'>rerum</span> <span class='ocrx_word' id='word_1_287' title='bbox 540 3340 679 3398; x_wconf 83' lang='lat' dir='ltr'>memoris</span> <span class='ocrx_word' id='word_1_288' title='bbox 700 3359 835 3418; x_wconf 86' lang='lat' dir='ltr'>magnam</span> <span class='ocrx_word' id='word_1_289' title='bbox 856 3340 911 3398; x_wconf 92' lang='lat' dir='ltr'>sibi</span> <span class='ocrx_word' id='word_1_290' title='bbox 932 3341 1141 3407; x_wconf 82' lang='lat' dir='ltr'>auctoritatem,</span> <span class='ocrx_word' id='word_1_291' title='bbox 1156 3359 1236 3418; x_wconf 84' lang='lat' dir='ltr'>mag.</span> 
     </span>
    </p>

    <p class='ocr_par' dir='ltr' id='par_1_9' title="bbox 195 3428 1238 3866">
     <span class='ocr_line' id='line_1_36' title="bbox 195 3428 1236 3508; baseline 0 -20"><span class='ocrx_word' id='word_1_292' title='bbox 195 3431 233 3488; x_wconf 79' lang='grc'>35</span> <span class='ocrx_word' id='word_1_293' title='bbox 245 3450 355 3507; x_wconf 89' lang='lat' dir='ltr'>nosque</span> <span class='ocrx_word' id='word_1_294' title='bbox 369 3430 486 3508; x_wconf 89' lang='lat' dir='ltr'>spiritus</span> <span class='ocrx_word' id='word_1_295' title='bbox 500 3429 530 3486; x_wconf 92' lang='lat' dir='ltr'>in</span> <span class='ocrx_word' id='word_1_296' title='bbox 545 3448 576 3486; x_wconf 90' lang='lat' dir='ltr'>re</span> <span class='ocrx_word' id='word_1_297' title='bbox 591 3429 709 3485; x_wconf 89' lang='lat' dir='ltr'>militari</span> <span class='ocrx_word' id='word_1_298' title='bbox 730 3439 887 3487; x_wconf 89' lang='lat' dir='ltr'>sumerent.</span> <span class='ocrx_word' id='word_1_299' title='bbox 931 3428 976 3487; x_wconf 92' lang='lat' dir='ltr'>De</span> <span class='ocrx_word' id='word_1_300' title='bbox 990 3447 1113 3486; x_wconf 90' lang='lat' dir='ltr'>numero</span> <span class='ocrx_word' id='word_1_301' title='bbox 1135 3449 1236 3488; x_wconf 88' lang='lat' dir='ltr'>eorum</span> 
     </span>
     <span class='ocr_line' id='line_1_37' title="bbox 245 3517 1238 3596; baseline -0.001 -17"><span class='ocrx_word' id='word_1_302' title='bbox 245 3521 342 3580; x_wconf 90' lang='lat' dir='ltr'>omnia</span> <span class='ocrx_word' id='word_1_303' title='bbox 365 3538 396 3578; x_wconf 89' lang='lat' dir='ltr'>se</span> <span class='ocrx_word' id='word_1_304' title='bbox 417 3519 524 3577; x_wconf 86' lang='lat' dir='ltr'>habere</span> <span class='ocrx_word' id='word_1_305' title='bbox 548 3518 697 3594; x_wconf 84' lang='lat' dir='ltr'>explorata</span> <span class='ocrx_word' id='word_1_306' title='bbox 721 3517 807 3574; x_wconf 85' lang='lat' dir='ltr'>Remi</span> <span class='ocrx_word' id='word_1_307' title='bbox 827 3518 970 3588; x_wconf 88' lang='lat' dir='ltr'>dicebant,</span> <span class='ocrx_word' id='word_1_308' title='bbox 993 3528 1142 3596; x_wconf 84' lang='lat' dir='ltr'>propterea</span> <span class='ocrx_word' id='word_1_309' title='bbox 1162 3519 1238 3595; x_wconf 89' lang='lat' dir='ltr'>quod</span> 
     </span>
     <span class='ocr_line' id='line_1_38' title="bbox 246 3606 1238 3687; baseline 0 -19"><span class='ocrx_word' id='word_1_310' title='bbox 246 3609 504 3687; x_wconf 87' lang='lat' dir='ltr'>propinquitatibus</span> <span class='ocrx_word' id='word_1_311' title='bbox 518 3606 761 3684; x_wconf 83' lang='lat' dir='ltr'>affinitatibusque</span> <span class='ocrx_word' id='word_1_312' title='bbox 782 3607 939 3683; x_wconf 90' lang='lat' dir='ltr'>conjuncti,</span> <span class='ocrx_word' id='word_1_313' title='bbox 955 3618 1093 3683; x_wconf 86' lang='lat' dir='ltr'>quantam</span> <span class='ocrx_word' id='word_1_314' title='bbox 1113 3609 1238 3684; x_wconf 87' lang='lat' dir='ltr'>quisque</span> 
     </span>
     <span class='ocr_line' id='line_1_39' title="bbox 245 3695 1237 3774; baseline 0 -18"><span class='ocrx_word' id='word_1_315' title='bbox 245 3697 457 3762; x_wconf 82' lang='lat' dir='ltr'>multitudinem</span> <span class='ocrx_word' id='word_1_316' title='bbox 478 3698 509 3754; x_wconf 92' lang='lat' dir='ltr'>in</span> <span class='ocrx_word' id='word_1_317' title='bbox 526 3696 673 3756; x_wconf 89' lang='lat' dir='ltr'>communi</span> <span class='ocrx_word' id='word_1_318' title='bbox 695 3695 853 3774; x_wconf 87' lang='lat' dir='ltr'>Belgarum</span> <span class='ocrx_word' id='word_1_319' title='bbox 876 3698 998 3754; x_wconf 90' lang='lat' dir='ltr'>concilio</span> <span class='ocrx_word' id='word_1_320' title='bbox 1020 3697 1056 3753; x_wconf 93' lang='lat' dir='ltr'>ad</span> <span class='ocrx_word' id='word_1_321' title='bbox 1079 3696 1107 3752; x_wconf 90' lang='lat' dir='ltr'>id</span> <span class='ocrx_word' id='word_1_322' title='bbox 1128 3697 1237 3756; x_wconf 86' lang='lat' dir='ltr'>bellurn</span> 
     </span>
     <span class='ocr_line' id='line_1_40' title="bbox 243 3784 1238 3866; baseline 0.004 -26"><span class='ocrx_word' id='word_1_323' title='bbox 243 3786 389 3862; x_wconf 83' lang='lat' dir='ltr'>pollicitus</span> <span class='ocrx_word' id='word_1_324' title='bbox 402 3788 447 3858; x_wconf 90' lang='lat' dir='ltr'>sit,</span> <span class='ocrx_word' id='word_1_325' title='bbox 462 3787 658 3866; x_wconf 82' lang='lat' dir='ltr'>cognoverint.</span> <span class='ocrx_word' id='word_1_326' title='bbox 700 3784 861 3844; x_wconf 89' lang='lat' dir='ltr'>Plurimum</span> <span class='ocrx_word' id='word_1_327' title='bbox 875 3787 1009 3844; x_wconf 79' lang='lat' dir='ltr'>intereos</span> <span class='ocrx_word' id='word_1_328' title='bbox 1023 3784 1197 3844; x_wconf 84' lang='lat' dir='ltr'>Bellovacos</span> <span class='ocrx_word' id='word_1_329' title='bbox 1209 3795 1238 3846; x_wconf 86' lang='lat' dir='ltr'>et</span> 
     </span>
    </p>
   </div>
   <div class='ocr_carea' id='block_1_3' title="bbox 0 0 1406 4312">
    <p class='ocr_par' dir='ltr' id='par_1_10' title="bbox 0 0 1406 4312">
     <span class='ocr_line' id='line_1_41' title="bbox 0 0 1406 4312; baseline 0 1"><span class='ocrx_word' id='word_1_330' title='bbox 0 0 1406 4312; x_wconf 95' lang='lat' dir='ltr'> </span> 
     </span>
    </p>
   </div>
  </div>
 </body>
</html>
