2844 4340
217 298 277 356 146
577 301 621 350 DE
640 298 745 350 BELLO
765 299 908 350 GALLlOO
1122 375 1130 382 .
1151 301 1217 356 [Car.
1226 307 1261 360 3¹1,

267 441 499 520 vercingetorix,
511 440 618 500 cestris
632 459 719 518 prope
732 438 869 516 oppidum
884 439 915 498 in
936 447 1030 497 monte
1051 439 1157 516 positis,
1173 441 1262 498 medi.

267 533 383 592 ocribus
397 533 513 590 circum
525 549 556 588 se
570 531 730 594 intervallis
744 531 898 606 separatim
913 529 1096 606 singularum
1111 530 1262 587 civitatum

267 623 364 698 copies
379 619 572 679 collocaverat
582 639 592 692 3
615 629 700 696 etque
721 616 854 676 omnibus
874 619 938 694 ejus
952 617 1017 698 jugi
1031 618 1155 676 collibus
1175 639 1262 678 occu·

267 713 350 790 petis,
373 730 432 787 qua
456 709 565 785 despici
593 719 712 786 poteret,
741 709 906 766 horribilem
933 708 1059 796 speciem
1087 709 1261 785 praebebat:

235 802 470 878 bprineipesque
492 817 594 856 earum
618 799 777 867 oiuitetmn,
792 817 864 874 quos
884 798 938 856 sibi
959 797 995 855 ed
1016 798 1170 856 eonsilium
1184 799 1261 873 cepi-

266 890 374 948 endum
387 890 544 966 delegerat,
560 889 655 964 prime
675 887 743 945 luee
765 887 891 963 quotidie
914 887 950 944 ad
970 905 1002 944 ee
1021 887 1142 962 jubebat
1157 905 1260 945 conve-

266 980 339 1050 nire,
364 996 416 1038 seu
439 977 508 1053 quid
531 976 814 1046 communicandum,
837 976 977 1052 seuquid
1003 976 1261 1034 administrandum

266 1069 430 1128 videretur:
451 1084 545 1143 neque
560 1065 654 1146 ullum
670 1065 730 1126 fere
749 1066 825 1126 diern
846 1065 1060 1135 intermittebat,
1074 1067 1144 1141 quin
1159 1085 1260 1142 squee

265 1159 303 1216 tri
323 1158 440 1235 proelio,
455 1157 614 1232 interjectis
633 1156 798 1234 sagittariis,
813 1154 882 1231 quid
904 1157 934 1212 in
948 1173 1064 1231 quoque
1081 1165 1156 1212 esset
1172 1157 1261 1212 animi

216 1257 253 1313 ιο
267 1267 302 1306 ao
324 1249 440 1308 virtutis
458 1265 588 1316 sucrum,
614 1245 838 1323 periclitaretur.
880 1243 954 1302 Erat
978 1265 994 1302 e
1021 1245 1138 1320 regione
1165 1245 1261 1321 oppidi

266 1339 350 1396 collis
369 1338 425 1396 sub
447 1337 517 1414 ipsis
539 1335 685 1394 radicibus
705 1335 809 1392 montis
822 1335 940 1412 egregie
960 1335 1098 1404 munitus,
1117 1343 1203 1410 etque
1221 1353 1261 1390 ex

265 1429 343 1485 omni
358 1437 438 1504 perte
453 1425 661 1497 circumcisus3
686 1425 786 1502 (quem
808 1425 832 1480 si
853 1433 984 1482 tenerent
1005 1425 1102 1494 nostri,
1117 1434 1145 1483 et
1166 1443 1261 1500 equae

266 1535 373 1594 magne
387 1527 467 1592 perte
481 1525 510 1574 et
523 1514 705 1592 pabulatione
718 1514 812 1571 libere
832 1513 1002 1589 prohibituri
1017 1515 1111 1572 hostes
1125 1511 1260 1572 videban-

266 1613 333 1674 tur;
355 1605 406 1662 sed
421 1606 445 1662 is
460 1606 541 1664 locus
556 1603 699 1681 praesidio
712 1603 798 1668 abiis
812 1621 868 1661 non
883 1603 969 1660 nimis
980 1603 1064 1660 firmo
1077 1604 1229 1661 tenebatur
1239 1603 1260 1680 z)

217 1703 252 1758 15
267 1699 362 1750 tamen
376 1693 490 1749 silentio
503 1693 596 1750 noctis
608 1693 727 1763 Ceeaer,
743 1711 779 1750 ex
794 1693 898 1752 cestris
918 1711 1062 1770 egressus,
1078 1693 1260 1768 priusquam

267 1779 393 1838 subsidio
406 1799 443 1837 ex
457 1781 558 1855 oppido
569 1783 663 1840 veniri
677 1792 782 1860 posset,
795 1783 907 1860 dejecto
918 1783 1059 1858 pracsidio
1068 1784 1173 1860 potitus
1187 1782 1259 1853 loco,

262 1871 339 1928 dues
353 1871 392 1928 ibi
413 1870 542 1948 legiones
563 1872 726 1944 collocavit,
742 1873 906 1950 fossamque
926 1874 1072 1951 duplicem
1096 1873 1260 1931 duodenum

266 1964 372 2041 pedum
396 1983 412 2020 e
435 1963 593 2038 majoribus
615 1967 720 2025 cestris
742 1966 777 2022 ed
800 1967 911 2024 minori
934 1966 1075 2042 perduxit,
1092 1973 1123 2024 ut
1144 1975 1204 2023 tuto
1224 1967 1260 2022 eb

267 2055 415 2131 repentino
425 2054 549 2118 bostium
563 2053 683 2116 ineursu
697 2055 786 2115 etiam
800 2055 908 2133 singuli
923 2067 1086 2136 commeare
1101 2066 1225 2132 possent.

213 2153 253 2208 ΒΟ
308 2144 462 2204 XXXVII.
486 2143 565 2202 Dum
587 2145 660 2204 heee
675 2145 710 2202 ed
727 2145 905 2222 Gergoviam
924 2154 1074 2223 geruntur,
1089 2145 1259 2204 Convictoli-

267 2236 343 2292 tanis
364 2235 497 2306 Aeduus,
512 2237 562 2294 cui
583 2237 784 2313 magistratum
806 2235 1004 2312 adjudicatum
1026 2255 1044 2294 a
1067 2236 1193 2294 Caescre
1213 2235 1277 2293 ‹te-¹

266 2327 497 2397 monstravimus,
522 2327 692 2387 sollicitatus
717 2328 753 2384 eb
779 2327 923 2386 Arvernis
952 2329 1084 2408 pecunia,
1109 2345 1177 2396 cum
1198 2329 1259 2404 qui-

266 2416 387 2476 busdem
415 2417 645 2476 adolescentibus
672 2417 855 2494 colloquitur,
884 2437 1009 2493 quorum
1037 2427 1105 2476 eret·
1127 2419 1260 2496 princeps

267 2505 427 2578 Litavieus,
441 2517 528 2584 etque
543 2508 608 2583 ejus
622 2505 734 2575 iratres,
750 2507 927 2583 amplissime
943 2507 1053 2586 familie
1074 2509 1133 2565 nati
1153 2508 1259 2566 edeles-

212 2605 253 2658 25
266 2599 374 2658 centes.
413 2597 491 2656 Cum
515 2597 551 2654 iis
576 2596 737 2673 praemium
761 2597 966 2665 communicat,
990 2597 1177 2672 horteturque
1202 2610 1259 2666 eos,

241 2739 243 2741 .
266 2687 307 2744 Ut
333 2707 364 2751 so
392 2687 506 2756 liberos,-
535 2697 564 2744 et
591 2686 712 2762 imperio
739 2694 820 2744 uetos
842 2687 1045 2744 meminerint:
1081 2705 1170 2746 unern
1198 2705 1260 2744 esse

267 2775 437 2842 Aeduorum
463 2777 619 2845 civitatem,
644 2793 719 2852 quee
747 2776 938 2834 certissimum
969 2776 1085 2834 Galliae
1111 2777 1260 2834 victoriam

265 2864 418 2934 distineet3
441 2866 506 2939 ejus
520 2866 688 2925 auctoritato
704 2853 831 2940 reliques
851 2865 1013 2938 contineri3
1035 2885 1096 2942 qua
1116 2866 1260 2935 traducta,

266 2949 364 3006 locum
377 2953 551 3010 consistendi
566 2954 704 3012 Romanis
718 2955 747 3011 in
764 2953 861 3011 Gellio
875 2973 932 3011 non
945 2953 1023 3014 fore:
1045 2973 1108 3013 esse
1122 2957 1261 3014 nonnullo
1285 3004 1287 3009 .

215 3045 254 3113 30
267 3057 298 3096 se
312 3039 447 3098 Gesseris
458 3041 598 3106 beneficio
608 3043 753 3115 effectum,
764 3045 806 3103 sic
820 3053 926 3112 temen,
937 3053 968 3101 ut
980 3045 1169 3119 justissimam
1185 3045 1261 3124 apud
1293 3038 1297 3043 ⁸
1403 3045 1404 3070 ¹

268 3147 337 3185 eum
350 3147 469 3184 causam
484 3130 637 3191 obtinuerit
649 3154 657 3205 ;
681 3134 728 3191 sed
740 3135 806 3210 plus
821 3135 966 3192 communi
977 3133 1101 3192 libertati
1115 3135 1260 3194 tribuere:

268 3231 323 3276 cur
336 3217 413 3274 enim
428 3218 522 3292 potius
531 3219 628 3282 Aedui
641 3221 677 3280 de
691 3243 744 3280 suo
755 3223 823 3298 jure
837 3233 865 3280 et
879 3223 914 3280 de
929 3221 1043 3300 legibus
1058 3223 1094 3282 ed
1104 3223 1261 3282 Gaesarem

268 3307 495 3384 disceptatorem,
506 3325 594 3383 quern
610 3308 733 3368 Romani
748 3313 784 3369 ed
796 3311 923 3382 Aeduos,
939 3314 1077 3370 venienti
1118 3313 1263 3372 Celeriter

268 3397 497 3458 adolescentibus
520 3407 548 3455 et
569 3399 697 3456 cretione
720 3403 907 3478 magistratus
926 3411 955 3460 et
976 3405 1105 3479 preemio
1118 3403 1259 3473 deductis,

216 3493 254 3548 85
266 3506 358 3566 quum
380 3508 411 3546 se
432 3487 479 3546 vel
500 3487 645 3565 principes
665 3489 729 3564 ejus
750 3491 863 3548 consilii
878 3492 939 3550 fore
961 3494 1172 3569 profiterentur,
1189 3495 1264 3552 retio

267 3581 435 3658 perficiendi
453 3580 656 3658 queembetur,
671 3581 747 3658 quod
761 3583 907 3642 civitatem
929 3593 1037 3644 temere
1052 3584 1087 3642 ed
1102 3586 1261 3662 suscipien-

267 3671 336 3729 dum
364 3671 474 3730 bellum
500 3671 607 3730 adduci
635 3687 716 3748 posse
744 3689 799 3729 non
828 3673 1020 3735 confidebant.
1071 3674 1193 3746 Plecult,
1219 3674 1263 3734 uti

268 3757 419 3817 thevicus
433 3762 534 3820 decem
548 3761 607 3819 illis
620 3761 757 3830 millibus,
773 3778 848 3835 quee
859 3759 978 3820 Caesari
993 3763 1030 3820 ed
1044 3763 1154 3821 bellum
1169 3765 1261 3820 mitte-

269 3855 376 3913 rentur,
400 3851 614 3920 preeficeretur,
638 3860 724 3924 atque
746 3867 781 3906 ea
802 3847 936 3907 ducenda
957 3862 1083 3919 curaret,
1099 3851 1264 3928 fratresque
