2830 4326
193 305 235 362 oo
547 315 591 362 ne
609 313 715 364 aneto
734 317 877 364 satureo
1078 293 1229 376 romam.

242 467 324 508 anna
351 450 456 510 milites
484 453 706 523 concurrissent,
735 453 979 530 vehementerque
1006 456 1045 512 ibi
1070 465 1231 534 pugnatum

241 552 327 613 esaet,
342 541 498 618 repulsus
490 561 520 600 m
541 543 684 618 oppidum,
699 553 795 600 tamen
817 544 859 602 uti
879 543 980 602 eadem
1000 543 1150 604 deditionis
1164 565 1229 604 oen·

241 631 346 690 ditione
361 641 499 702 uteretur,
515 631 671 690 aCrasse
663 633 835 709 impetravit.

282 721 391 780 XXIII.
428 721 529 780 Armis
555 721 757 798 obsidibusque
785 723 920 798 deceptis,
949 722 1108 780 Crassus'
1100 741 1130 780 m
1157 691 1233 782 fines

209 812 397 876 &Vocatium
418 822 447 868 et
462 811 657 870 Tarusatium
671 811 816 888 profectus
836 821 889 868 est.
931 811 1011 870 Tum
1025 829 1093 870 vere
1114 813 1230 870 barbari

200 913 205 922 “
240 901 383 969 cementi,
397 899 473 975 quod
493 900 639 977 oppidum,
654 911 682 958 et
703 910 809 958 natura
832 899 888 958 leci
910 910 938 958 et
962 909 1051 958 mand
1075 902 1228 971 munitum,

240 989 342 1066 paucis
355 989 465 1059 diebus,
488 991 593 1066 quibus
607 1010 642 1048 eo
654 1001 773 1047 ventum
791 1000 862 1060 erat,
877 1000 1074 1066 expugnatum
1089 1008 1229 1066 cognose

161 1069 163 1074 ¹
240 1089 313 1149 rant,
328 1078 437 1156 legatos
451 1099 668 1156 quoquoversus
682 1079 833 1149 dimittere,
848 1079 1012 1156 conjurare,
1028 1077 1162 1138 obsides'
1154 1089 1231 1136 mter
1294 1087 1296 1090 '

239 1169 369 1239 sedare,
390 1169 488 1246 copias
509 1187 612 1246 parere
634 1181 801 1246 coeperunt.
845 1168 999 1228 Mittuntur
1012 1152 1099 1228 eliam
1119 1167 1156 1226 ad
1180 1185 1231 1227 eas

190 1263 228 1320 10
240 1260 369 1318 civitates
382 1259 480 1336 legatI,
490 1277 565 1334 quae
580 1269 647 1318 sunt
658 1260 799 1317 citerioris
809 1259 977 1335 Hispaniae,
988 1259 1127 1316 finitimae
1137 1259 1229 1334 Aqui-

239 1350 334 1408 taniae
345 1369 352 1406 ι
373 1349 440 1407 iude
451 1349 560 1410 auxilia
571 1349 718 1425 ducesque
728 1361 924 1406 arcessuntur.
959 1349 1093 1414 Quorum
1104 1348 1230 1407 adventu

239 1455 428 1514 magnacum
449 1440 619 1496 auctoritate
633 1447 662 1494 et
676 1455 783 1514 magna
797 1455 866 1496 oum
886 1437 1034 1496 bominum
1048 1438 1229 1496 multitudine

239 1527 348 1584 bellom
361 1545 463 1602 gerere
478 1537 630 1585 conantur.
672 1525 772 1584 Duces
787 1546 855 1584 vero
869 1528 889 1583 ii
908 1527 1084 1604 deliguntur,
1099 1529 1149 1604 qui
1171 1547 1230 1586 una

238 1633 308 1670 cum
321 1614 360 1678 Q.
372 1614 498 1672 Sertorio
510 1631 611 1674 omnes
625 1632 715 1671 annes
729 1613 854 1682 fuerant,
868 1633 1071 1693 summamque
1080 1618 1231 1676 scientiam

189 1709 225 1764 15
239 1703 281 1758 rei
296 1701 427 1758 militaris
441 1702 547 1786 habere
561 1701 811 1759 existimabantur.
842 1701 892 1770 Hi,
904 1705 1112 1784 consuetudine
1126 1705 1230 1782 Populi

238 1791 371 1858 Romani,
393 1789 458 1847 loca
481 1807 598 1864 capere,
620 1798 716 1846 eastra
741 1791 864 1858 munire,
888 1795 1096 1852 commeatibus
1119 1805 1230 1852 nestros

238 1877 430 1936 intercludere
458 1878 620 1934 instituunt.
674 1877 761 1942 Quod
790 1879 839 1935 ubi
867 1878 991 1938 Crassus
1018 1882 1229 1953 animadvertit,

238 1987 307 2025 suas
320 1968 417 2042 coplas
431 1977 544 2042 prepter
555 1966 746 2042 exiguitatem
761 1985 816 2023 nen
832 1965 918 2025 facile
932 1969 1030 2027 diduci
1043 1991 1053 2042 ;
1075 1972 1187 2030 hostem
1199 1983 1231 2032 et

239 2056 349 2134 vagari,
365 2065 393 2113 et
406 2057 469 2113 vias
481 2049 621 2124 obsidere,
636 2064 665 2112 et
678 2056 781 2118 eastris
801 2056 871 2112 satis
891 2051 1026 2131 praesidii
1041 2059 1206 2136 relinquere
1218 2081 1228 2134 3

185 2155 225 2210 20
237 2147 274 2204 eb
288 2163 353 2203 eam
367 2163 487 2202 causam
498 2144 597 2201 *minus
617 2143 765 2200 commode
780 2143 957 2200 frumentum
977 2159 1230 2226 commeatumque
1246 2213 1249 2216 ,

238 2235 293 2294 sibi
320 2233 481 2310 supportari
493 2251 502 2304 ;
534 2233 565 2290 in
592 2231 654 2289 dies
682 2231 808 2290 bestium
835 2250 992 2309 numerum
1016 2237 1137 2310 augeri;
1172 2257 1230 2297 oon

238 2321 435 2384 cunctandum
449 2322 632 2390 existimavit,
647 2321 716 2396 quin
731 2339 830 2398 pugna
843 2320 1014 2379 decertaret.
1056 2321 1123 2380 Hae
1145 2343 1177 2384 re
1193 2328 1230 2386 ad

237 2414 391 2473 consilium
405 2412 509 2483 delata,
525 2411 574 2469 ubi
588 2429 687 2470 omnes
701 2410 776 2468 idem
796 2410 902 2468 sentIre
917 2409 1067 2482 intellexit,
1082 2424 1231 2489 posterum

211 2516 215 2524 '
238 2505 313 2564 diem
328 2523 443 2582 pugnae
458 2503 614 2562 constituit.

185 2600 224 2656 25
279 2595 390 2658 XXIV.
412 2595 510 2652 Prima
524 2593 601 2664 luce,
623 2590 768 2670 productis
781 2589 914 2649 omnibus
928 2592 1025 2668 copiis,
1041 2591 1150 2670 duplici
1165 2596 1229 2657 scie

238 2689 376 2757 instituta,
390 2685 509 2747 auxiliis
522 2685 551 2742 in
567 2684 691 2742 mediam
705 2684 799 2742 aciem
812 2681 960 2758 conjectis,
969 2683 1147 2760 quid-hostes
1161 2703 1228 2744 oen·

134 2787 147 2806 ·
238 2778 295 2834 silii
317 2785 464 2851 caperent,
486 2775 680 2850 exspectabat.
723 2772 779 2842 llli,
800 2773 854 2830 etsi
876 2781 991 2850 prepter
1004 2773 1227 2844 multitudinem,

238 2875 267 2922 et
281 2873 408 2922 veterem
429 2863 498 2920 belli
519 2863 651 2939 gloriam,
676 2863 908 2942 paucitatemque
932 2871 1104 2933 nostrorum,
1119 2883 1152 2921 se
1168 2873 1229 2924 tuto

237 2953 424 3009 dimIcatures
446 2951 655 3022 existimabant,
684 2962 781 3010 tamen
801 2953 893 3010 tutius
915 2971 980 3010 esse
1002 2952 1228 3026 arbitrabantur,

186 3049 225 3105 30
238 3039 360 3100 obsessis
375 3039 438 3108 riis,
452 3049 615 3098 commeatu
630 3030 797 3110 intercluso,
812 3041 874 3098 siue
889 3039 949 3098 ulle
963 3040 1083 3098 vulnere
1105 3041 1229 3102 victoria

237 3129 340 3206 potiri:
361 3128 435 3197 et,si
450 3137 565 3204 prepter
585 3129 710 3206 inopiam
731 3131 773 3188 rei
796 3129 1002 3188 frumentariae
1017 3130 1141 3190 Romani
1163 3151 1228 3192 sese

238 3219 367 3294 racipere
380 3218 550 3293 coepissent,
563 3218 712 3294 impeditos
725 3219 755 3277 in
770 3221 884 3296 agmine
898 3229 927 3278 et
940 3221 1140 3291 sub-sarcinis,
1155 3221 1227 3280 infe.

237 3309 328 3366 meres
349 3307 454 3376 animo,
476 3305 581 3364 adoriri
602 3308 776 3384 cogitabant.
818 3308 883 3368 Hec
897 3309 1027 3368 *masilia
1050 3310 1168 3386 probate
1191 3313 1229 3370 ab

236 3397 368 3468 dacibus,
383 3395 529 3474 productis
543 3394 738 3454 Romanorum
758 3397 856 3473 copiis,
871 3417 936 3456 sese
957 3399 1060 3458 casum
1079 3399 1227 3458 tenebant.

185 3503 224 3557 aa
237 3489 304 3550 Hac
328 3506 361 3546 rs
384 3493 543 3564 perspecta,
570 3484 703 3555 Gressm,
727 3503 819 3562 qoem
846 3506 901 3546 sua
927 3487 1113 3546 cunctatione
1141 3498 1229 3566 atque

234 3579 368 3658 ορίιιὶοιιο
381 3575 538 3636 timidiores
559 3573 662 3644 hostes,
673 3585 783 3634 nocuos
797 3575 902 3634 milites
924 3576 1084 3636 alacriores¹
1104 3577 1140 3636 ad
1156 3597 1228 3656 pug.

236 3672 365 3732 nandam
385 3669 556 3738 offecisse,
571 3677 657 3745 atque
670 3669 800 3726 emnium
814 3687 900 3728 voees
914 3669 1094 3740 audirentur,
1109 3689 1228 3748 exspec-

237 3763 292 3820 tari
313 3761 422 3820 diutim
443 3779 501 3818 neo
519 3769 658 3838 oportere,
672 3757 743 3835 quin
764 3757 800 3816 ad
821 3767 916 3816 castra
940 3757 1040 3828 iretur,
1063 3759 1231 3820 cobortattu

237 3867 314 3920 suos,
327 3850 460 3908 omibus
474 3851 667 3926 cupientibus,
681 3847 717 3910 st
731 3847 856 3908 ὴωιίιιιιι
869 3857 967 3906 castra
978 3846 1136 3908 contendit.
