2830 4326
215 293 261 352 ce
435 278 439 285 '
571 299 615 344 nu
635 297 739 344 nunno
757 297 899 344 cnnnrco
1060 321 1062 334 .
1102 296 1255 352 [cumea

269 438 356 512 cepit.
399 437 555 503 Helvetios,
571 433 721 510 Tulingos,
745 432 915 512 Latobrigos
936 433 966 492 in
988 433 1061 492 fines
1082 452 1157 502 suos,
1180 431 1256 492 unde

269 535 353 583 erant
381 525 508 602 profecti,
538 525 643 581 reverti
664 524 769 599 jussit3
792 533 821 582 et
845 523 929 599 quod,
957 523 1090 580 omnibus
1115 522 1267 587 fructibus,

265 615 390 685 amissis,
406 615 481 671 domi
494 611 566 670 nihil
580 623 650 682 erat,
670 631 727 689 quo
746 612 852 673 semem
872 612 1034 682 tolerarent,
1050 613 1256 689 Allobrogibus

269 699 428 782 irnperevit,
454 713 486 760 ut
508 703 545 760 iis
570 702 707 761 frumenti
734 704 846 779 copiam
871 701 1016 768 facerent:
1051 703 1127 779 ipsos
1153 703 1256 778 oppida

236 805 255 857 ὁ
270 795 412 868 vicosque,
428 811 499 868 quos
512 791 708 862 incenderent,
724 794 874 850 restituere
892 793 987 868 jussit.
1028 791 1111 850 Idea
1129 793 1255 850 maxime

268 883 376 941 ratione
392 879 468 951 fecit,
483 881 559 958 quod
579 881 671 940 noluit
691 901 759 939 eum
781 881 887 951 locum,
903 881 978 939 unde
999 881 1127 940 Helvetii
1149 881 1254 938 disces·

267 980 372 1040 serant,
388 989 512 1043 vacere3
534 989 572 1029 ne
586 980 701 1048 propter
715 971 870 1029 bonitatem
890 989 1027 1048 agrorum
1042 970 1190 1039 Germani,
1205 970 1256 1046 qui

266 1071 346 1118 trans
367 1059 503 1118 Rhenum
517 1062 654 1130 incolunt,
670 1081 687 1117 e
709 1061 771 1118 suis
791 1059 897 1118 finibus
917 1061 946 1116 in
968 1059 1169 1116 Helvetiorum
1183 1059 1256 1121 fines

265 1151 429 1220 transirent,
444 1159 473 1208 et
485 1151 599 1210 finitimi
614 1150 729 1220 Galliae
746 1149 914 1226 provinciae
934 1147 1198 1224 Allobrogibusque
1211 1167 1255 1204 es·

217 1248 254 1303 10
267 1250 339 1300 sent.
382 1241 475 1313 Boion,
497 1244 659 1321 petentibus
678 1242 799 1312 Aeduis,
821 1241 896 1317 quod
917 1241 1035 1317 egregie
1048 1240 1153 1297 virtute
1173 1248 1256 1297 erant

266 1333 383 1409 cogniti,
399 1335 475 1391 utin
496 1335 602 1393 linibus
622 1335 684 1392 suis
704 1333 888 1401 collocarent,
903 1331 1062 1403 concessit3
1085 1331 1191 1406 quibus
1212 1331 1256 1386 illi

267 1441 352 1500 agros
365 1422 514 1493 dederunt,
533 1442 663 1499 quosque
684 1433 782 1500 postee
804 1423 834 1478 in
849 1440 947 1498 parem
966 1421 1041 1497 iuris
1060 1420 1256 1496 libertatisque

247 1512 253 1522 '
266 1512 464 1582 conditionem,
481 1519 566 1588 etque
581 1513 635 1589 ipsi
649 1523 741 1581 erant,
757 1522 938 1587 receperunt.

307 1601 417 1660 XXIX.
439 1601 472 1659 In
487 1602 591 1658 castris
598 1601 799 1660 Helvetiorum
813 1601 930 1660 tabulae
942 1611 1072 1677 repertae
1085 1611 1152 1658 sunt
1166 1601 1256 1659 literis

185 1721 201 1758 ι.
216 1695 252 1750 15
268 1692 391 1750 Graecis
409 1689 558 1750 consectae
573 1700 601 1749 et
616 1690 652 1747 ed
666 1690 823 1748 Caesarem
837 1690 973 1765 perlatae,
989 1692 1094 1767 quibus
1107 1692 1136 1748 in
1150 1689 1256 1750 tabulis

266 1783 434 1841 nominatim
458 1781 530 1838 ratio
550 1779 683 1839 consecto
707 1789 778 1849 eret,
803 1780 854 1855 qui
876 1797 1017 1838 numerus
1044 1780 1127 1838 domo
1150 1781 1256 1840 exisset

266 1890 376 1941 eorum,
398 1872 448 1946 qui
474 1888 556 1928 erma
579 1867 655 1927 serre
679 1877 810 1945 possent:
844 1877 873 1926 et
896 1869 966 1926 item
987 1871 1141 1946 separatim
1164 1871 1255 1946 pueri,
1302 1871 1311 1890 ⁹

266 1981 358 2031 senes,
374 1960 578 2036 mulieresque.
621 1958 755 2024 Quarum
770 1958 906 2016 omnium
929 1977 1028 2018 rerum
1049 1977 1163 2018 summe
1184 1969 1256 2029 erat,

266 2053 394 2129 capitum
428 2050 628 2108 Helvetiorum
662 2046 755 2105 millia
783 2064 900 2117 cumn,
936 2047 1132 2126 Tulingorum
1165 2049 1257 2106 millia

213 2148 254 2202 20
267 2152 370 2210 xxxvi,
382 2139 603 2218 Latobrigorum
617 2155 679 2206 rw,
695 2135 897 2194 Rauracorum
908 2155 992 2207 xxm,
1002 2137 1139 2196 Boiorum
1151 2154 1236 2196 mu
1248 2159 1256 2196 ε

266 2249 302 2288 ex
327 2231 380 2300 his,
405 2227 456 2306 qui
481 2242 562 2287 arma
587 2226 663 2285 ferre
691 2235 813 2302 possent,
842 2225 878 2282 ad
905 2225 998 2282 millie
1024 2243 1093 2284 xcrr.
1135 2225 1258 2286 Summa

265 2322 395 2379 omnium
415 2319 534 2377 suerunt
557 2318 593 2376 ad
616 2315 707 2374 millia
728 2331 885 2374 cccnxvrn.
928 2313 1048 2383 Eorum,
1068 2313 1119 2389 qui
1139 2313 1257 2375 domum

266 2411 423 2480 redierunt,
438 2427 528 2467 censu
549 2408 654 2476 habito,
677 2416 708 2463 ut
726 2405 836 2462 Caesar
849 2405 1050 2480 imperaverat,
1065 2413 1195 2479 repertus
1213 2416 1257 2463 eet

266 2519 407 2560 numerus
421 2499 546 2558 millium
560 2517 576 2556 c
588 2507 618 2556 et
632 2516 662 2555 r.

213 2597 253 2652 ab
308 2591 403 2650 XXX.
439 2589 521 2649 Bello
549 2587 751 2648 Helvetiorum
778 2584 918 2655 conlecto,
946 2585 1032 2642 totius
1057 2581 1116 2642 sere
1141 2583 1256 2644 Gellius

246 2655 364 2760 'legati
380 2682 525 2758 principes
544 2679 706 2748 civitatum,
722 2675 757 2736 ad
775 2677 931 2736 Caesarem
953 2675 1132 2753 gratulatum
1153 2685 1255 2733 conve·

266 2780 391 2828 nerunt:
413 2770 580 2846 Intelligere
600 2787 673 2837 sese,
687 2767 810 2836 tametsi,
833 2785 884 2843 pro
898 2766 1043 2823 veteribus
1057 2763 1267 2824 Helvetiorum*

267 2858 381 2933 injuriis
394 2857 496 2932 Populi
511 2857 644 2924 Romani,
660 2856 746 2912 abiis
766 2874 872 2931 poenes
894 2855 969 2912 bellc
988 2855 1144 2930 repetisset,
1159 2865 1256 2912 tamen

267 2963 333 3002 eam
354 2961 415 3001 rem
429 2963 485 3001 non
501 2944 598 3000 minue
616 2961 653 3000 ex
673 2963 729 3002 usu
743 2955 837 3002 terrae
852 2943 967 3002 Galliae
980 2961 1069 3018 quern
1083 2941 1184 3017 Populi
1199 2943 1255 3002 Ro-

134 3083 137 3090 .
216 3037 254 3092 30
267 3033 345 3090 mani
373 3033 530 3090 accidisse:
553 3042 702 3107 propterea
729 3033 804 3108 quod
832 3051 867 3091 ec
893 3031 1021 3100 coneilio,
1049 3030 1257 3092 florentissimis

267 3121 363 3190 rebus,
378 3120 476 3178 domos
498 3139 567 3177 suas
588 3119 716 3179 Helvetii
731 3123 923 3198 reliquissent,
938 3121 980 3178 uti
1002 3120 1052 3178 toti
1068 3119 1182 3178 Gallice
1196 3121 1255 3179 bel.

267 3210 329 3268 lum
344 3207 491 3278 inferrent,
507 3207 683 3285 imperioque
705 3211 872 3286 potirentur,
887 3212 1041 3286 locumque
1062 3209 1205 3268 domicilio
1218 3231 1256 3270 ex

267 3319 373 3379 magna
386 3301 471 3378 copie
492 3299 660 3377 deligerent,
675 3321 762 3378 quem
782 3321 819 3360 ex
839 3304 918 3362 omni
933 3302 1033 3362 Gellia
1052 3303 1255 3380 opportunissi.

267 3411 348 3452 mum
369 3410 405 3449 ac
426 3389 687 3448 fructuosissimum
708 3391 896 3467 judicassent,
921 3393 1105 3470 reliquasque
1123 3392 1256 3451 civitatee

216 3487 254 3542 ³5
267 3481 467 3560 stipendiarias
481 3479 628 3539 habereut.
670 3480 827 3549 Petierunt,
850 3481 899 3540 Uti
918 3483 973 3540 eibi
994 3482 1150 3540 concilium
1169 3484 1256 3541 totius

268 3573 383 3631 Galliae
405 3571 435 3628 in
457 3569 533 3627 diem
557 3578 667 3626 certam
691 3569 828 3638 indicere,
852 3569 938 3646 idque
959 3571 1095 3630 Caesaris
1108 3572 1255 3631 voluntate

269 3661 374 3731 lacere,
390 3662 511 3720 liceret:
533 3677 596 3718 sese
606 3659 723 3718 babere
744 3659 884 3734 quasdam
901 3677 957 3731 res,
971 3681 1045 3738 ques
1058 3681 1094 3722 ex
1108 3663 1254 3724 communi

268 3769 409 3810 consensu
431 3751 520 3808 abeo
540 3757 637 3826 petere
651 3748 767 3808 vellent.
810 3748 856 3808 Ea
877 3767 908 3808 re
929 3752 1077 3827 penniesa,
1097 3751 1173 3808 diem
1187 3769 1253 3810 con-

268 3839 336 3896 eilio
369 3841 587 3908 constituerunt,
622 3851 650 3899 et
682 3839 881 3918 jurejurando,
910 3859 946 3898 ne
977 3841 1043 3916 quis
1073 3841 1253 3908 enunciaret,
