2804 4312
463 709 505 782 [1.
536 709 673 784 IULII
705 709 950 783 CAESARIS
1020 779 1023 800 ,
1102 715 1103 718 ’

318 887 1091 1040 uouuauriaiouuu

416 1202 485 1266 DE
523 1201 707 1266 BELLO
742 1201 996 1267 GALLICO
1088 1237 1095 1254 ι

614 1401 756 1464 LIBER
781 1405 805 1462 I.

557 1787 855 1828 ARGUMENTUM.

242 1925 301 1976 Ger.
323 1925 343 1974 1.
361 1923 457 1972 Galliae
478 1922 609 1984 descriptio.
644 1920 678 1970 11.
696 1919 762 1972 Bam
783 1921 899 1970 invadunt
924 1921 1036 1970 Helvetii.
1069 1921 1128 1971 XII.
1155 1921 1203 1970 Sed

209 2021 225 2052 a
245 2004 352 2052 Gaemre
369 2001 461 2050 duobus
482 1998 576 2062 proeliis
592 1997 765 2062 profligantur:
799 1997 920 2048 XXVIII.
943 2005 969 2047 et
988 1999 1100 2062 reliquiae
1117 1999 1142 2048 iu
1158 2013 1202 2060 pe·

209 2081 285 2128 triam
301 2079 448 2141 relegantur.
480 2073 558 2122 XXX.
584 2074 649 2122 Galli
671 2075 734 2138 apud
754 2075 886 2124 Caesarem
905 2075 935 2122 de
955 2075 1139 2130 Germanorum,
1155 2075 1203 2135 qui,

209 2155 273 2202 duce
290 2153 412 2208 Ariovisti,
430 2152 596 2214 Sequanorum
614 2165 699 2214 agrum
716 2151 858 2206 insidebant,
875 2151 1000 2198 insolentia
1019 2156 1203 2211 conqueruntur.

208 2228 326 2278 XXXIV.
344 2228 398 2284 Ille,
411 2226 592 2288 componendae
604 2227 646 2282 rei,
658 2225 749 2289 legatos
766 2226 797 2273 ad
814 2226 962 2274 Ariovistum
978 2227 1057 2274 mittit
1074 2223 1202 2272 XXXVII.

214 2304 303 2353 Verum
319 2320 377 2354 oum
393 2303 417 2351 id
433 2303 528 2358 frustra,
546 2303 626 2364 copias
642 2303 755 2351 adversus
779 2317 835 2350 eum
852 2303 932 2350 ducit:
973 2299 1088 2349 XXXIX
1105 2301 1204 2363 pavidas

208 2380 307 2442 quidem
317 2381 421 2440 primum
433 2383 458 2425 et
468 2383 614 2425 trementes:
640 2376 692 2424 XL
708 2384 762 2439 post
773 2383 856 2428 lamen
872 2378 944 2440 ipsius
960 2377 1057 2426 hortatu
1075 2377 1203 2424 animatas.

209 2456 292 2506 XLII.
308 2457 483 2519 Colloquuntur
498 2457 561 2505 inter
576 2471 602 2504 se
618 2457 723 2519 partium
734 2456 820 2504 duaee:
852 2455 942 2504 XLVI.
966 2457 1008 2504 sed
1025 2457 1091 2504 nullo
1108 2455 1203 2504 effoeta.

210 2531 331 2580 XLVIII.
348 2532 419 2582 Proin
430 2533 502 2582 minis
513 2547 552 2582 ree
562 2533 655 2596 agitur:
690 2531 747 2580 LII.
763 2538 789 2580 et
800 2531 869 2580 elude
880 2537 990 2593 occepta,
1001 2546 1016 2578 e
1029 2531 1113 2578 Galliis
1123 2531 1203 2592 prolu-

209 2608 282 2670 ginnt
294 2607 415 2656 Germani.

253 2727 277 2786 1.
301 2727 419 2787 Germe
433 2739 477 2788 est
496 2731 589 2788 omnis
603 2730 698 2786 divisa
718 2729 748 2784 in
769 2736 865 2804 partes
886 2737 953 2797 tres,
968 2745 1094 2804 quarum
1115 2745 1203 2786 unam

211 2819 343 2876 ineolnnt
356 2818 474 2896 Belgae,
490 2820 578 2876 aliam
593 2818 744 2896 Aquitani,
759 2819 882 2888 tertiam,
898 2819 948 2894 qui
962 2818 1088 2894 ipsorum
1103 2817 1204 2896 lingua

209 2907 321 2978 Celtae,
333 2917 430 2966 nostra
445 2907 525 2966 Galli
540 2908 733 2985 appellantur.
774 2907 815 2965 Hi
829 2927 928 2966 omnes
938 2909 1047 2986 liugan,
1058 2909 1201 2982 institutis,

210 2998 326 3075 legibus
347 2998 423 3055 inter
445 3017 476 3055 se
499 2997 645 3054 differunt.
690 2997 791 3056 Gallos
814 2999 850 3056 ab
873 2999 1028 3075 Aquitanis
1051 2999 1203 3059 Garumna

210 3087 330 3157 flumen,
346 3107 364 3145 a
378 3087 478 3164 Belgis
499 3087 632 3145 Matrona
652 3097 681 3144 et
701 3088 838 3164 Sequana
858 3089 967 3147 dividit.
1010 3089 1123 3148 Horum
1144 3097 1235 3150 om-5

209 3176 294 3233 nium
318 3176 465 3234 fortissimi
487 3187 554 3234 sunt
574 3176 693 3253 Belgae,
709 3189 858 3256 propterea
878 3180 953 3256 quod
975 3199 993 3238 a
1013 3181 1095 3239 oultu
1116 3191 1203 3259 atque

210 3266 390 3324 humanitate
405 3265 576 3324 Provinciae
597 3265 762 3343 longissime
783 3269 895 3338 absunt,
911 3270 1085 3347 minimeque
1105 3272 1143 3329 ad
1156 3293 1204 3330 eos

207 3369 387 3414 mercatores
402 3375 488 3433 saepe
506 3367 677 3426 commeant,
693 3367 778 3434 atque
793 3377 838 3428 ea,
853 3377 928 3435 quae
943 3359 978 3416 ad
999 3359 1204 3418 effeminandos

211 3446 324 3502 animos
337 3445 489 3521 pertinent,
504 3446 675 3520 important:
697 3449 877 3524 proximique
892 3457 959 3506 sunt
974 3449 1137 3516 Germanis,
1153 3448 1203 3522 qui

212 3541 294 3590 trans
316 3533 454 3591 Rhenum
473 3534 612 3605 incolunt,
627 3537 802 3610 quibuscum
823 3539 1003 3595 continenter
1024 3537 1133 3594 bellum
1154 3555 1202 3611 ge·
1218 3531 1252 3594 ld

212 3631 298 3679 runt:
319 3641 378 3699 qua
391 3622 428 3680 de
450 3643 541 3682 eausa
561 3623 690 3683 Helvetii
704 3645 819 3703 quoque
841 3626 967 3701 reliquos
982 3625 1083 3682 Gallos
1097 3625 1203 3682 virtute

211 3712 399 3789 praecedunt,
411 3714 487 3790 quod
501 3714 561 3772 fere
576 3714 749 3790 quotidianis
760 3715 876 3791 proeliis
890 3732 958 3770 oum
970 3712 1124 3770 Germanis
1137 3731 1203 3772 oon·

211 3800 342 3872 tendunt,
364 3821 457 3880 quum
480 3815 531 3862 aut
552 3807 613 3863 auis
640 3806 745 3864 finibus
767 3825 816 3863 eos
838 3803 997 3879 prohibent,
1021 3810 1071 3860 aut
1095 3803 1149 3879 ipsi
1174 3805 1204 3864 in

212 3909 314 3948 eorum
326 3891 431 3950 finibus
441 3893 551 3951 bellum
561 3905 676 3970 gerunt.
719 3895 828 3952 Eorum
841 3909 899 3948 una
913 3909 988 3966 pers,
1000 3909 1088 3967 quam
1104 3891 1204 3950 Gallos

702 3986 720 4035 2
