2844 4340
175 307 329 362 Cnr.13,lt·]
557 305 653 352 LIBER
669 305 820 358 QUINTUS.
1144 349 1147 358 .
1176 301 1214 360 91

174 445 224 520 qui
246 461 347 502 omnes
370 441 430 500 fere
452 441 487 500 iis
511 441 676 500 nominibus
690 443 840 500 civitatum
854 443 1044 519 appellantur,
1059 447 1165 522 quibus

174 534 228 590 orti
241 551 278 592 ex
294 532 461 588 civitatibus
474 549 509 587 ec
522 541 724 606 pervenerunt,
739 541 767 588 et
782 532 856 588 bello
875 533 954 590 illato
968 533 1007 590 ibi
1022 553 1164 593 remanse-

175 633 250 692 runt,
267 614 461 698 atque'agros
481 620 577 678 colere
598 632 763 696 coeperunt.
806 621 964 681 Hominum
988 636 1030 683 est
1053 625 1165 684 infinita

176 712 337 780 multitudo,
351 709 585 784 creberrimaque
609 709 749 779 aedificia,
765 709 825 767 fera
841 711 965 770 Gallicis
986 715 1163 773 consimilia:

176 819 313 878 pecorum
335 817 460 875 magnus
481 815 631 855 numerus.
684 797 812 858 Utuntur
834 811 884 860 aut
906 819 983 872 aare,
1008 813 1058 860 aut
1079 803 1195 866 taleisr

176 890 285 959 ferreis,
302 888 338 947 ad
351 898 463 946 certum
477 887 588 963 pondus
600 887 779 958 examinatis,
791 907 841 964 pro
854 907 981 948 nummo.
1023 891 1164 952 Nascitur

175 980 213 1036 ibi
227 979 379 1056 plumbum
393 978 491 1035 album
505 979 535 1034 iu
550 977 765 1036 mediterraneis
779 980 952 1056 regionibus,
967 983 997 1038 in
1012 984 1164 1040 maritimis

175 1067 305 1140 farrum3
328 1067 378 1126 aad
392 1067 457 1143 ejus
469 1067 577 1142 exigua
590 1076 633 1124 est
653 1068 754 1142 eopia:
776 1085 843 1125 aere
864 1079 985 1126 utuntur
1002 1072 1161 1147 importata.

175 1156 297 1214 Materia
318 1157 462 1232 cujusque
483 1155 607 1232 generis,
624 1165 655 1212 ut
675 1157 705 1212 in
727 1156 833 1226 Gallia,
855 1167 907 1226 est,
929 1169 1043 1232 praeter
1064 1160 1163 1236 fagum

175 1256 260 1321 atque
283 1247 416 1304 abietem.
457 1243 610 1320 Leporem,
625 1253 652 1301 et
671 1245 821 1332 gallinam,
842 1256 871 1302 et
891 1263 1022 1302 anserem
1045 1258 1163 1324 gustare
1178 1251 1215 1306 10

90 1369 100 1388 .
135 1350 141 1366 ‘
175 1334 218 1392 sas
230 1354 287 1394 non
302 1344 422 1411 putant3
444 1334 518 1392 baec
532 1344 628 1394 tamen
644 1333 726 1390 alunt
739 1334 827 1390 animi
839 1334 1047 1410 voluptatisque
1062 1354 1162 1392 causa.

174 1423 254 1483 Loca
270 1435 338 1484 sunt
351 1425 560 1500 temperatiora,
575 1441 663 1499 quam
684 1423 714 1478 in
729 1421 836 1492 Gallia,
851 1423 1060 1482 remissioribus
1078 1423 1162 1502 frigo-

175 1516 264 1572 ribus.
692 1563 697 1568 .
784 1526 789 1534 ’

214 1603 293 1662 Xlll.
317 1603 416 1661 Insula
430 1614 534 1661 natura
546 1603 697 1678 triquetra,
712 1603 798 1678 cujus
815 1619 905 1660 unum
919 1601 994 1661 latus
1008 1613 1050 1660 est
1064 1611 1163 1662 contra

174 1693 311 1752 Galliam.
352 1693 451 1768 Hujus
474 1677 571 1750 lateris
594 1692 667 1749 alter
690 1691 825 1768 angulus,
840 1693 889 1767 qui
911 1701 953 1749 est
967 1691 1002 1748 ad
1017 1693 1161 1762 Cantium,
1178 1695 1214 1751 1⁵

174 1801 231 1856 quo
251 1782 312 1840 fere
333 1799 432 1839 omnes
452 1799 488 1838 ex
511 1780 611 1837 Gallia
637 1797 726 1846 naves
747 1780 938 1856 appellantur,
961 1781 996 1838 ad
1024 1783 1163 1840 orientem

174 1871 283 1942 solem;
306 1869 424 1928 inferior
439 1869 474 1926 ad
489 1869 638 1928 meridiem
652 1879 772 1945 spectat.
814 1870 881 1930 Hoc,
893 1871 969 1928 latus
983 1880 1059 1929 tenet
1078 1871 1161 1930 circi-

173 1967 217 2016 ter
230 1961 322 2016 millia
344 1976 481 2035 passuum
495 1976 523 2014 o.
565 1958 701 2015 Alterum
715 1959 809 2034 vergit
828 1959 865 2016 ad
885 1959 1056 2036 Hispaniam
1077 1969 1163 2037 atque

172 2049 350 2106 occidentem
364 2047 469 2106 solem:
491 2065 549 2122 qua
563 2065 599 2103 ex
614 2057 694 2123 parte
709 2057 752 2105 est
766 2048 916 2118 Hibernia,
931 2049 1045 2107 dimidio
1059 2051 1160 2117 minor,

173 2147 204 2195 ut
219 2139 394 2205 aestimatur,
409 2155 497 2212 quam
511 2135 680 2207 Britannia3
703 2136 754 2194 sed
777 2139 839 2212 pari
863 2138 953 2213 spatio
966 2139 1160 2207 transmissus,
1172 2137 1214 2195 20

173 2237 259 2300 atque
273 2245 309 2282 ex
324 2224 431 2294 Gallia,
446 2234 489 2282 est
503 2225 533 2280 in
547 2225 736 2282 Britanniam.
778 2224 812 2282 ln
828 2226 882 2282 hoc
898 2226 990 2284 medio
1010 2245 1099 2284 cursu
1118 2235 1163 2284 est

173 2316 276 2384 insula,
292 2333 367 2392 quae
382 2314 546 2390 appellatur
561 2313 669 2386 Mona3
691 2315 856 2390 complures
877 2324 1025 2388 praeterea
1039 2316 1174 2380 minores,

172 2403 300 2479 objectae
325 2403 437 2460 insulae
463 2403 679 2476 existimantur3
709 2403 873 2476 dequibus
898 2401 999 2458 insulis
1032 2402 1164 2460 nonnulli
1202 2453 1209 2462 .

172 2494 357 2568 scripserunt,
368 2491 430 2548 dies
443 2492 592 2548 continuos
606 2509 667 2550 xxx
680 2493 735 2548 sub
749 2491 851 2546 bruma
862 2507 925 2546 essa
936 2497 1058 2544 noctem.
1100 2487 1164 2544 Nos

172 2583 244 2640 nihil
258 2581 293 2638 de
307 2599 342 2638 eo
356 2581 615 2656 percontationibus
629 2580 851 2655 reperiebamus,
866 2577 922 2634 nisi
936 2575 1022 2633 certis
1036 2592 1072 2632 ex
1087 2592 1163 2650 aqua
1174 2579 1215 2638 25

173 2671 316 2729 mensuris
337 2671 482 2727 breviores
503 2689 575 2739 esse,
590 2687 678 2745 quam
698 2669 728 2724 iu
750 2667 922 2734 continente,
937 2673 1035 2722 noctes
1049 2663 1162 2722 videba-

174 2778 247 2817 mus.
291 2760 390 2835 Hujus
403 2769 446 2816 est
459 2759 606 2836 longitudo
627 2758 734 2826 lateris,
751 2766 782 2814 ut
796 2756 851 2813 fert
865 2755 979 2812 illorum
993 2754 1095 2829 opinio,
1110 2772 1162 2811 nco

173 2850 307 2916 millium.
350 2847 485 2916 Tertium
505 2858 548 2904 est
568 2844 967 2920 contraseptamtriones,.cui
987 2844 1061 2918 parti
1081 2842 1164 2902 nulla

172 2948 215 2996 est
228 2939 340 3015 objecta
355 2947 432 3006 tarra
442 2957 451 3010 3
474 2936 525 2994 aad
547 2935 611 3009 ejus
633 2935 761 3012 angulus
782 2934 880 2994 lateris
901 2934 1024 2991 maxime
1039 2933 1074 2990 ad
1089 2933 1161 2992 Ger-

173 3030 301 3086 maniam
323 3036 452 3102 spectat:
473 3025 542 3082 huic
566 3023 657 3083 millia
677 3041 815 3098 passuum
828 3041 896 3084 noce
911 3024 941 3080 in
955 3022 1161 3099 longitudinem
1175 3027 1214 3084 30

173 3135 235 3174 esse
249 3117 440 3174 existimatur.
481 3113 526 3171 lta
539 3113 632 3170 omnis
646 3112 798 3170 insula-est
810 3113 841 3170 in
855 3113 980 3170 circuitu
991 3113 1081 3169 vicies
1094 3131 1160 3170 oen-

173 3215 234 3262 tum
248 3205 373 3262 millium
388 3221 536 3277 passuum.

214 3292 295 3350 XIV.
318 3292 366 3349 Ex
386 3292 432 3348 his
451 3291 584 3348 omnibus
604 3290 689 3367 longe
710 3301 777 3349 sunt
797 3291 1005 3361 humanissimi,
1017 3291 1068 3367 qul
1087 3290 1161 3348 Cen-

174 3381 245 3438 tium
258 3381 397 3449 incolunt,
408 3398 483 3455 quae
498 3379 578 3456 regio
590 3389 634 3437 est
647 3381 791 3438 maritima
803 3381 914 3451 omnis;
930 3399 1025 3454 neque
1039 3377 1163 3434 multum

175 3468 333 3526 aGallica
355 3467 490 3526 differunt
514 3469 731 3526 consuetudine.
773 3467 926 3528 interiores
950 3467 1079 3542 plerique
1104 3461 1162 3518 fru-
1175 3467 1215 3522 ³5

176 3567 269 3614 menta
282 3576 339 3615 non
353 3565 462 3624 serunt,
478 3556 528 3614 sed
542 3555 617 3614 lacte
632 3567 660 3614 et
674 3575 762 3614 carno
777 3557 887 3622 vivunt,
903 3554 1083 3628 pellibusque
1097 3557 1167 3604 sunt

177 3645 278 3702 vestiti.
321 3645 431 3702 Omnes
445 3661 513 3701 vero
526 3663 557 3700 ae
572 3643 704 3702 Britanni
718 3645 791 3701 vitro
809 3642 951 3708 inficiunt,
965 3637 1041 3713 quod
1061 3651 1163 3691 caeru-

176 3729 253 3791 leum
276 3733 365 3792 efficit
388 3733 522 3802 colorem,
548 3741 634 3807 atque
658 3733 712 3790 hoc
732 3728 889 3788 horridiore
916 3736 983 3784 aunt
1009 3725 1039 3780 in
1066 3740 1164 3798 pugna

179 3820 330 3898 adspectu:
351 3821 515 3898 capilloque
539 3829 606 3880 sunt
619 3819 765 3896 promisso,
781 3824 866 3889 atqua
880 3813 958 3870 omni
971 3820 1052 3890 parte
1066 3829 1162 3890 corpo-
