2830 4326
179 281 224 342 ss
537 285 580 335 DE
599 284 705 332 Bnnuo
722 283 865 332 Gannico
1098 283 1220 338 [Cam-e.

237 484 240 493 ,
270 426 323 484 Vl.
355 426 405 484 Ab
426 426 471 482 his
493 423 595 481 castris
616 422 753 498 oppidum
776 423 944 490 Remorum,
965 399 1081 481 nomine
1100 419 1221 490 Bibrax,

231 516 328 574 aberat
349 515 445 575 millia
473 531 611 588 passuum
635 531 701 570 vru.
742 512 776 572 ld
800 533 837 572 ex
860 513 962 570 itInere
985 527 1091 586 magno
1112 511 1223 587 impetu

229 605 339 680 Belgae
354 620 520 680 oppugnare
534 611 701 678 coeperunt.
743 603 843 681 Aegre
857 621 892 660 ec
905 601 951 658 die
965 610 1156 660 sustentatum
1165 611 1222 658 est.

231 694 383 752 Gallorum
396 693 508 761 eadem,
521 701 607 766 atque
617 691 784 769 Belgarum,
796 692 970 770 oppugnatio
983 700 1026 750 est
1040 691 1125 748 haec.
1154 689 1222 760 Ubi,

198 784 419 859 boIroumjecta
443 781 627 840 multitudine
650 782 799 842 bominum
823 783 888 840 totis
912 781 1071 850 moenibus,
1096 779 1223 856 undique

182 945 183 948 Ἴ
230 873 341 950 lapides
360 875 391 930 in
413 891 531 932 murum
548 872 609 948 jaci
630 873 723 948 coepti
743 881 819 942 sunt,
844 882 1004 948 murusque
1024 869 1223 930 defensoribus

213 964 355 1025 nudatus
379 973 438 1037 est3
462 963 604 1022 testudine
626 962 712 1032 iacta,
734 972 830 1038 portas
854 962 1023 1030 succedunt,
1048 977 1223 1038 murumque

230 1055 384 1114 subruunt.
426 1053 512 1119 Quod
527 1063 589 1110 tum
604 1052 689 1112 facile
704 1053 807 1112 fiebat:
829 1071 906 1121 nam,
921 1069 1012 1128 quum
1026 1061 1106 1108 tanta
1126 1050 1224 1109 multi.

230 1145 299 1203 tudo
320 1143 430 1220 lapides
445 1163 480 1202 ac
494 1143 553 1201 tela
567 1144 753 1220 conjicerent,
768 1143 798 1200 in
817 1156 900 1200 muro
914 1141 1087 1201 conscendi
1097 1146 1224 1216 potestas

182 1239 295 1312 iuerat
316 1234 400 1291 nulli.
451 1233 554 1299 Quum
579 1233 667 1290 linem
691 1232 875 1310 oppugnandi
899 1214 955 1289 noi
979 1229 1103 1300 fecisset,
1126 1227 1225 1288 lenius

231 1313 351 1394 Remus,
366 1341 482 1382 summa
495 1323 642 1383 nobilitate
657 1333 685 1380 ct
699 1322 794 1401 gratis
807 1323 882 1381 inter
896 1339 971 1391 suos,
983 1321 1034 1398 qui
1047 1329 1109 1381 tum
1122 1318 1226 1396 oppido

125 1417 133 1424 ’
231 1423 375 1492 praeerat,
390 1431 467 1472 unus
481 1429 517 1470 ex
532 1413 586 1482 bls,
601 1413 652 1488 qui
666 1413 754 1489 legati
768 1411 804 1470 de
825 1429 897 1488 pace
919 1411 953 1469 ad
968 1411 1124 1471 Caesarem
1138 1427 1224 1466 vene-

232 1515 305 1574 rant,
320 1504 442 1562 nuncios
456 1503 493 1560 ad
505 1521 575 1562 eum
591 1503 684 1572 mittit,
699 1501 766 1560 Nisi
780 1501 941 1560 subsidium
954 1501 1009 1558 sibi
1029 1499 1224 1567 submittatur,
1306 1517 1311 1524 ·

232 1613 295 1652 sese
309 1594 417 1651 diutius
431 1593 574 1653 sustinere
588 1609 644 1650 non
661 1611 754 1670 posse.

170 1673 220 1744 ’15
273 1682 340 1740 Vll.
364 1683 408 1740 Eo
422 1682 457 1740 de
472 1681 568 1754 media
587 1690 671 1740 nocie
689 1681 807 1750 Caesar,
820 1679 923 1739 iisdem
936 1677 1060 1738 ducibus
1079 1694 1160 1746 usus,
1174 1678 1227 1752 qui

233 1773 333 1832 nuncii
347 1773 384 1832 ab
403 1770 483 1831 Iccio
496 1779 643 1840 venerant,
665 1769 812 1829 Numidas
832 1778 863 1826 et,
880 1769 982 1826 Cretas
1003 1766 1176 1844 sagittarios,
1197 1777 1228 1826 et

234 1861 391 1920 funditores
415 1861 553 1920 Baleares
573 1859 700 1918 subsidio
721 1858 870 1936 oppidanis
888 1857 996 1915 mittit:
1026 1874 1153 1932 quorum
1178 1857 1227 1914 ed.

234 1962 322 2012 uentu
343 1961 372 2010 et
386 1951 495 2021 Remis,
510 1969 578 2008 cum
598 1967 651 2025 spe
674 1947 856 2018 defensionis,
877 1947 1005 2010 studIum
1027 1946 1228 2026 propugnandi
1267 1967 1268 1970 ¹

119 2039 120 2042 ’
234 2043 366 2112 secessu,
390 2051 419 2100 et
443 2040 571 2114 hostibus
594 2038 697 2098 eadem
720 2038 756 2096 de
780 2055 870 2096 causa
893 2055 959 2114 spes
982 2035 1112 2113 potiundi
1131 2036 1228 2112 oppidi

181 2137 221 2192 uu
234 2133 375 2190 discessit.
417 2130 527 2206 Itaque,
547 2129 693 2206 paulisper
707 2127 782 2204 apud
803 2127 938 2203 oppidum
959 2127 1071 2196 morati,
1086 2143 1228 2203 agrosque

235 2223 394 2282 Remorum
408 2219 581 2296 depopulati,
596 2218 730 2278 omnibus
744 2217 816 2274 vicis
837 2215 1046 2292 aedificiisque,
1061 2234 1134 2292 quos
1147 2215 1229 2274 adire

235 2320 374 2390 poterant,
389 2310 524 2378 locensis,
540 2309 577 2366 ad
590 2317 688 2366 castra
701 2307 836 2365 Caesaris
855 2305 989 2365 omnibus
1003 2305 1093 2382 copiis
1113 2314 1229 2364 conten·

235 2401 360 2473 derunt3
381 2400 463 2458 stab
484 2395 614 2456 mrilibus
633 2415 772 2473 passuum
789 2396 886 2456 micus
899 2413 921 2456 11
936 2404 1033 2452 castra
1052 2403 1210 2471 posuerunt
1221 2414 1241 2450 :-·

236 2507 311 2568 quae
332 2497 485 2559 eastra-ut
506 2487 584 2546 sumo
605 2497 691 2562 atque
715 2487 832 2564 ignibus
851 2484 1079 2563 significabatur,
1104 2483 1230 2561 amplius

184 2591 223 2646 πῆ
237 2581 367 2640 millibus
379 2595 517 2656 passuum
531 2595 587 2636 vm
602 2577 631 2634 in
646 2576 826 2636 latitudinem
841 2576 985 2652 patebant.

277 2669 359 2728 VIII.
380 2669 490 2728 Caesar
511 2669 610 2744 primo,
625 2677 654 2724 et
676 2676 790 2742 propter
812 2665 1026 2730 multitudioem
1046 2665 1179 2734 hostium,
1200 2673 1231 2722 et

237 2771 353 2838 propter
365 2760 501 2817 eximiam
522 2757 686 2833 opinionem
701 2757 825 2826 virtutis,
841 2756 948 2832 proelio
968 2753 1156 2830 supersedere
1173 2763 1229 2812 sta.

213 2875 216 2884 Δ
237 2850 311 2919 tuin
332 2847 458 2922 quotidie
478 2855 576 2905 tamen
590 2847 774 2922 equestribus
795 2845 920 2922 proeliis,
935 2843 1005 2920 quid
1024 2844 1112 2902 hostis
1125 2844 1231 2902 virtute

238 2946 341 3012 posset,
356 2945 384 2992 et
398 2935 466 3010 quid
478 2936 566 2992 nostri
581 2935 729 3004 auderent,
738 2934 988 2993 sollicitationibus
1002 2932 1230 3008 periclitabatur.

145 3079 150 3090 ,
186 3033 225 3090 8⁰
238 3023 295 3082 Ubi
310 3033 420 3084 nostros
434 3041 490 3084 oon
504 3041 568 3080 esse
589 3023 742 3084 inferiores
763 3024 914 3093 intellexit,
929 3023 993 3082 loeo
1007 3039 1058 3098 pro
1077 3022 1181 3079 castris
1194 3021 1232 3079 ad

239 3114 331 3172 nomm
345 3111 543 3172 instruendam
557 3123 662 3170 nature
674 3123 836 3192 opportuno
855 3123 940 3190 atque
959 3111 1079 3183 idoneo3
1102 3109 1192 3188 (quod
1206 3112 1232 3168 is

238 3202 329 3271 collis,
346 3201 396 3259 ubi
417 3211 513 3260 eastra
535 3203 626 3278 posita
648 3214 742 3272 erant,
757 3203 910 3279 paululum
930 3220 967 3259 ex
988 3201 1106 3276 planitie
1128 3199 1231 3270 editus,

238 3300 350 3350 tantum
363 3290 506 3350 adversus
519 3291 549 3348 in
569 3291 750 3350 latitudinem
772 3293 897 3368 patebat,
918 3300 1059 3368 quantum
1081 3289 1137 3348 loci
1152 3289 1233 3348 acies

239 3382 379 3440 instructa
402 3399 547 3458 occupare
569 3390 687 3457 poterat,
712 3391 798 3457 etque
822 3401 859 3438 ex
884 3391 1006 3457 utraque
1028 3389 1109 3456 parte
1133 3380 1233 3440 lateris

187 3481 226 3536 db
239 3471 368 3550 dejectus
390 3470 523 3539 habebat,
543 3481 572 3528 et
591 3469 712 3528 frontem
734 3471 837 3528 leniter
860 3470 1012 3547 fastigatus
1033 3468 1174 3546 paulatim
1195 3470 1239 3542 ad

239 3562 388 3640 planitiem
409 3559 532 3635 redibat)
554 3560 726 3634 ab-utreque
743 3560 833 3617 latere
847 3560 912 3635 ejus
933 3561 1016 3620 collis
1037 3569 1233 3619 transversam

240 3651 346 3712 iosssm
364 3650 483 3710 obduxit
503 3650 621 3708 circiter
641 3665 779 3726 pamuum
798 3666 855 3720 ους
878 3659 907 3707 et
928 3649 963 3706 sd
977 3659 1122 3710 extremas
1143 3648 1234 3708 fossas

239 3742 361 3800 castella
373 3741 529 3811 constituit,
543 3741 642 3816 ibique
652 3739 964 3808 tormentacollooarit,
976 3757 1022 3808 ne,
1033 3757 1124 3815 quum
1139 3739 1233 3798 aciem

240 3829 431 3901 instruxisset,
456 3831 560 3901 hostes,
585 3829 661 3906 quod
685 3839 798 3888 tantum
823 3828 1007 3886 multitudiue
1032 3835 1172 3904 poterant,
1196 3829 1234 3886 ab
