2844 4340
476 621 516 692 O.
547 617 685 690 IULII
716 615 958 690 CAESARIS

325 817 1099 1000 conuuu'uoaroiuu

420 1105 491 1170 DE
529 1102 714 1172 BELLO
749 1106 1004 1174 GALLICO

591 1303 732 1368 LIBER
756 1310 840 1368 VII.

562 1686 862 1730 ARGUMENTUM·

250 1792 342 1847 Car-'L
361 1795 455 1846 Multae
467 1797 593 1846 Gallorum
611 1803 696 1860 gentes
712 1795 742 1844 de
759 1791 924 1857 recuperanda
941 1797 1049 1846 libertate
1065 1795 1216 1858 conspirante

219 1872 263 1922 lv.
278 1873 413 1934 datumque
430 1873 522 1936 eligunt
533 1871 753 1935 Vercingetorigem
771 1870 894 1918 Aeduum.
928 1869 1002 1920 VIII.
1019 1871 1153 1920 Caesarde
1170 1871 1216 1920 im·

217 1950 309 2010 proviso
320 1948 442 1996 Arvernos
459 1947 557 1996 invadit.
589 1946 620 1994 X
638 1945 701 1994 Boiis
711 1945 814 1992 subsidio
823 1945 897 1994 adest
931 1945 976 1992 XI.
993 1945 1216 2003 Vellaunodunum,

219 2023 356 2080 Geuabum,
368 2021 426 2072 XIL
443 2029 468 2070 et
479 2021 504 2070 N
505 2023 651 2072 oviodunum
662 2019 748 2082 oppida
760 2026 871 2080 occupat
904 2019 956 2068 XV.
974 2020 1039 2068 Galli
1050 2021 1126 2069 finnio
1137 2023 1217 2070 minus

219 2095 354 2162 Biturigum
374 2098 463 2163 oppidis
482 2099 593 2153 incensis,
607 2097 720 2152 Avarico,
738 2095 800 2156 quod
817 2095 939 2144 obsidebat
958 2095 1059 2153 Caesar,
1071 2098 1216 2158 praesidium

219 2172 334 2235 injiciunt.
367 2170 421 2222 XX.
439 2171 537 2220 Interea
547 2171 735 2236 Vercingetorix,
752 2170 887 2232 proditionis
904 2171 967 2232 apud
984 2186 1040 2219 euos
1056 2171 1216 2229 insimulatus,

217 2263 244 2297 se
261 2255 355 2316 purgat.
388 2248 472 2298 XXII.
489 2249 631 2305 Avaricum,
643 2247 789 2309 aliquamdiu
808 2248 880 2309 probe
900 2248 1036 2304 defensum,
1055 2245 1176 2298 XXVIII.
1192 2249 1216 2298 ri

219 2330 378 2388 expugnatur.
422 2323 530 2373 XXXII.
558 2324 700 2374 Aeduorum
722 2323 807 2371 turbae
830 2322 963 2372 Caesarem
986 2325 1082 2372 abella
1104 2330 1216 2372 avocant.

218 2399 332 2450 XXXIV.
356 2400 399 2449 -Iia
424 2401 568 2463 compositio,
594 2400 625 2448 ad
652 2399 800 2462 Gergoviam
833 2413 893 2446 cum
921 2401 1028 2448 exercitu
1055 2399 1216 2461 prodaiseitur.

218 2475 349 2524 XXXVII.
366 2476 433 2526 Dum
445 2477 477 2526 ad
488 2493 543 2526 eam
562 2477 655 2525 bellum
671 2477 740 2540 gerit,
753 2476 839 2524 iterum
857 2476 882 2524 ia
895 2475 986 2526 Aeduis
1003 2477 1093 2524 turbae.
1126 2475 1217 2524 XLVI.

219 2549 324 2602 Romani
340 2554 406 2604 trinis
425 2554 455 2602 ad
468 2553 614 2616 Gergoviam
633 2553 737 2600 hostium
753 2552 838 2600 castris
854 2553 987 2614 oooupatia,
1004 2551 1108 2600 XLVII.
1125 2552 1217 2600 avidius

218 2630 331 2692 oppidum
349 2629 498 2686 invadentes,
516 2629 560 2676 LI.
576 2644 668 2692 magua
685 2643 743 2676 oum
760 2627 829 2676 elada
846 2629 1000 2690 repelluntur.
1034 2627 1106 2676 LIII.
1124 2627 1216 2690 Despe-

218 2711 272 2753 rata
283 2705 470 2768 expugnatIoue‚
482 2707 506 2753 in
519 2705 616 2752 Aeduos
627 2710 708 2752 caetra
719 2710 799 2751 movet
806 2701 905 2750 Caesar.
939 2703 1034 2751 LVIII.
1052 2701 1182 2759 Labienus.
1190 2718 1217 2752 re

218 2793 327 2841 prospere
347 2781 411 2841 apud
430 2779 530 2828 Parietes
548 2787 626 2844 gesta,
647 2777 727 2828 LXII.
744 2795 770 2826 se
787 2779 829 2840 lpsi
846 2777 978 2842 conjungit.
1011 2777 1107 2826 LXIII.
1124 2777 1217 2828 Omne·

219 2855 293 2910 Galli,
306 2857 442 2915 (perpaucis
454 2857 570 2916 exeeptis)
584 2856 694 2918 exemplo
705 2855 848 2906 Aeduorum
865 2854 987 2902 deficiunt.
1021 2853 1109 2902 LXVI.
1128 2853 1159 2902 In
1171 2855 1216 2902 Se-

217 2943 311 2988 quanos
323 2929 367 2973 iter
378 2929 508 2976 leolentem
520 2930 661 2987 Caesarem,
669 2930 731 2978 duee
738 2929 943 2994 Veroiugetoriga
955 2930 1061 2993 aggressi
1072 2929 1216 2988 caeduntur,

219 2999 338 3048 LXVIII.
356 2999 401 3047 Ille
414 3001 445 3048 ad
456 3002 565 3052 Alesiam
577 3019 651 3066 usque
663 3007 785 3054 insecutus
795 3005 909 3068 oppidum
920 3005 1027 3068 unusque
1039 3005 1216 3054 niroumvallat.

218 3072 316 3122 LXXV.
350 3073 423 3132 Galli,
451 3079 590 3126 oouvooatis
618 3081 719 3136 auxiliis,
747 3081 822 3128 eooios
849 3081 968 3128 obsidione
997 3079 1096 3128 liberare
1125 3080 1217 3138 eonati,

218 3147 383 3200 LXXXVIII.
407 3165 502 3212 prorsus
524 3153 687 3216 profligantur.
727 3153 865 3204 LXXXIX.
890 3155 973 3204 Alesia
992 3160 1016 3202 et
1035 3153 1216 3218 Vercingetorix

216 3223 351 3272 deduntur:
369 3224 427 3274 item
439 3223 528 3283 Aedui,
540 3231 565 3276 et
575 3230 655 3289 plures
667 3231 713 3277 alii.

258 3361 282 3422 Ι.
305 3361 425 3428 Qmam
447 3361 556 3433 Gallia,
579 3365 699 3434 Caesar,
715 3376 747 3424 ut
771 3368 968 3440 constituerat,
990 3367 1020 3427 Iu
1042 3366 1156 3427 Italiam
1179 3367 1215 3426 ed

218 3463 380 3522 conventus
400 3451 527 3530 agendus
547 3453 751 3529 profieisoitur.
794 3455 837 3514 Ibi
858 3458 1006 3534 oognoeoit
1024 3457 1059 3516 de
1075 3458 1107 3516 P.
1122 3458 1217 3517 Clodii

218 3543 326 3605 caede:
345 3541 569 3618 deSeuatusque
577 3539 932 3618 oonsultooertiorfaetus,
942 3557 974 3604 ut
982 3565 1082 3608 omues
1086 3549 1216 3624 juniores

218 3633 320 3692 Italiae
335 3634 529 3711 eonjurarent‚
544 3633 683 3692 dilectum
705 3643 763 3692 tota
777 3634 932 3695 Provincia
953 3637 1060 3696 habere
1082 3638 1215 3696 Instituit.

185 3723 282 3784 oEae
311 3743 358 3786 ree
384 3725 414 3784 in
441 3724 573 3784 Galliam
600 3723 826 3800 Transalpinam
853 3708 993 3784 celeriter'
1018 3727 1214 3803 perferuntur.

219 3812 340 3870 Addunt
361 3815 415 3890 ipsi
435 3822 464 3873 et
484 3815 626 3892 affingunt
647 3814 811 3874 rumoribus
833 3813 923 3884 Galli
938 3815 1016 3890 quod
1029 3833 1077 3874 res
1097 3833 1215 3894 poeoere
