2804 4312
180 283 336 337 emman]
575 280 671 329 ornan
690 280 818 328 paruus.
852 330 855 336 ,
1190 279 1229 342 ³1

179 421 334 481 celerrime
348 420 448 497 potuit,
463 427 638 494 comparata,
653 421 767 496 magnis
780 419 932 479 itineribus
946 421 982 478 ad
997 421 1178 482 Ariovistum

180 511 356 570 contendit.'
766 506 769 509 Δ

220 599 390 658 XXXVlll.
414 600 518 666 Quum
531 599 619 656 tridui
634 599 711 656 riam
732 601 927 675 processisset,
942 602 1115 660 nunciatum
1133 612 1177 662 est

179 691 216 759 ci,
232 685 413 748 Ariovistum
428 707 497 746 cnm
511 689 575 746 suis
587 689 722 746 omnibus
741 689 831 766 copiis
845 689 882 746 ad
898 690 1102 767 'occupandum
1117 692 1175 750 Ve.

179 781 347 850 santionem,
369 779 446 856 quod
468 787 512 836 est
532 777 668 854 oppidum
691 779 850 836 maximum
872 778 1083 855 Sequanorum,
1108 789 1207 842 con-5

179 869 306 939 tendere,
329 869 477 944 triduique
499 868 578 926 viam
606 886 624 924 a
648 869 710 926 suis
736 868 843 926 linibus
870 868 1036 948 proiecisse.
1078 870 1110 928 ld
1137 889 1175 930 ns

180 957 333 1028 accideret,
349 977 457 1035 magno
469 975 556 1033 opere
578 957 811 1034 praecavendum
831 958 886 1015 sibi
899 957 1009 1016 Caesar
1029 960 1174 1018 existima-

180 1047 244 1105 bat:
265 1065 391 1125 namque
415 1049 545 1106 omnium
569 1064 676 1116 rorum,
699 1065 774 1122 quae
797 1047 834 1104 ad
857 1046 965 1104 bellum
988 1050 1054 1108 usui
1082 1059 1174 1120 erant,

180 1153 294 1196 summa
307 1147 371 1195 erat
384 1138 414 1194 in
428 1156 462 1196 eo
476 1136 577 1213 oppido
592 1135 716 1194 facultas
728 1155 737 1207 3
760 1135 847 1211 idque
866 1145 970 1194 natura
984 1137 1040 1196 loci
1054 1139 1097 1194 sio
1111 1157 1174 1196 rnu-

82 1253 97 1270 ·
180 1227 322 1297 aiebatur,
344 1235 376 1284 ut
389 1243 525 1303 magnam
540 1225 575 1284 ad
596 1224 763 1282 docendum
777 1224 887 1282 bellurn
901 1224 982 1284 daret
996 1224 1173 1296 facultatem,
1190 1231 1227 1286 ro

180 1326 332 1391 propterea
345 1315 420 1390 quod
430 1316 536 1373 flumen
547 1313 652 1383 Dubis,
664 1323 697 1370 ut
707 1314 817 1372 circino
827 1313 1072 1383 circumductum,
1083 1333 1176 1389 paene

180 1413 275 1462 totum
288 1404 423 1480 oppidum
436 1405 543 1481 cingit3
567 1403 714 1479 reliquum
735 1402 870 1478 spatium,
886 1401 961 1478 quod
982 1411 1025 1460 est
1045 1419 1102 1460 non
1116 1421 1175 1460 ern.

181 1493 259 1569 plius
273 1493 379 1568 pedurn
393 1511 437 1563 no,
451 1512 509 1570 qun
523 1494 633 1552 flumen
647 1493 819 1560 intermittit,
825 1489 916 1548 ‘mons
928 1491 1055 1550 ¹continet
1069 1507 1176 1569 magno

180 1582 341 1652 altitudine,
357 1583 396 1640 ita
410 1593 442 1640 ut
456 1583 568 1642 radices
589 1583 653 1658 ejus
675 1583 780 1641 montis
802 1599 838 1639 ex
854 1591 977 1658 utraque
992 1591 1073 1659 parte
1095 1584 1175 1660 ripae

180 1673 307 1730 fluminis
321 1673 497 1750 confingant.
540 1671 630 1730 Hunc
639 1691 742 1730 murus
755 1671 953 1730 circumdatus
962 1691 1062 1731 arcem
1076 1671 1173 1745 efficit,
1190 1679 1229 1734 ts

178 1771 290 1820 etcum
304 1761 406 1838 oppido
419 1761 581 1838 conjungit.
624 1759 693 1819 Huc
715 1762 825 1822 Caesar
838 1763 952 1840 magnis
974 1762 1086 1824 diurnis
1108 1783 1174 1822 noc·

179 1853 329 1928 turcisque
344 1852 496 1910 itineribus
510 1849 666 1920 contendit,
679 1861 879 1929 occupatoque
898 1851 1000 1928 oppido
1014 1853 1054 1910 ibi
1069 1855 1174 1929 praesi-

178 1941 259 1998 dinm
272 1941 407 1999 collocat.
897 1979 900 1986 -
1071 2007 1074 2014 ¹

220 2029 359 2089 XXXIX.
381 2029 461 2088 Dum
476 2047 585 2106 paucos
605 2023 666 2088 dies
688 2029 723 2088 ad
739 2029 944 2088 Vesontionem
960 2031 1002 2089 rei
1018 2029 1173 2093 frumenta
1204 2105 1205 2108 Ἴ

180 2119 239 2177 riae
261 2129 497 2194 commeatusque
519 2137 611 2178 causa
630 2128 767 2188 moratur,
791 2137 827 2176 ex
852 2121 1087 2196 percunctatione
1111 2141 1174 2180 nos
1187 2127 1228 2184 2⁰

178 2219 290 2266 trorum
313 2209 491 2284 vocibusque
513 2206 667 2266 Gallorum
695 2227 731 2266 ac
759 2218 962 2279 mercatorum,
990 2209 1042 2284 qui
1066 2211 1176 2288 ingenti

179 2298 378 2376 magnitudine¹
400 2315 554 2380 corporum
577 2297 748 2368 Germants,
771 2297 935 2356 incredibili
957 2299 1064 2358 virtute
1089 2309 1175 2376 atquc

178 2388 384 2446 exercitatione
402 2387 434 2444 in
454 2387 542 2444 armis
564 2405 627 2445 esse
650 2387 866 2463 praedicabant,
880 2407 1090 2463 saepenumero
1111 2407 1175 2448 sese
1197 2399 1199 2402 '

178 2495 248 2544 cum
263 2477 306 2534 eis
319 2495 488 2553 congressos
501 2493 538 2534 ne
553 2476 668 2534 vultum
681 2475 800 2550 quidem
814 2485 904 2550 atque
916 2477 1010 2535 eciem
1023 2475 1176 2533 oculorum

179 2564 256 2622 ferre
270 2566 403 2641 potuisse,
418 2575 516 2625 tantus
529 2565 627 2624 subito
642 2565 856 2621 timor‘omnem
876 2561 1038 2620 exercitum
1050 2581 1174 2640 occupa-
1187 2577 1228 2632 π

178 2656 229 2724 vit,
241 2665 273 2712 ut
285 2673 343 2712 nou
357 2654 539 2714 mediocriter
546 2654 677 2716 omnirun
686 2661 797 2733 mentes
805 2650 974 2727 animosque
983 2650 1174 2726 perturbaret.

177 2743 238 2802 Hie
260 2745 386 2820 primurn
409 2753 490 2802 ortus
508 2751 552 2802 est
573 2762 594 2801 a
617 2741 741 2801 tribunis
763 2739 898 2810 militum,
922 2737 1095 2816 praefectis,
1109 2741 1174 2802 reli.

176 2833 309 2910 quisque,
323 2832 375 2909 qui
389 2851 426 2892 ex
448 2833 530 2903 urbe,
546 2832 691 2891 amicitiae
705 2849 805 2900 causa,
820 2829 978 2888 Caesarem
999 2831 1101 2902 secufi,
1117 2849 1174 2892 nou

177 2938 317 3000 magnum
338 2924 369 2980 in
390 2941 421 2981 re
445 2913 564 2980 militari
579 2939 665 2980 usum
687 2919 848 2980 habebant:
869 2937 994 2998 quorum
1015 2919 1100 2993 nlius,
1116 2924 1175 2983 alia

177 3027 269 3070 causa
284 3011 376 3082 illata,
391 3031 480 3088 quern
503 3011 557 3068 sibi
581 3009 617 3067 ad
632 3009 873 3086 proficiscendum
893 3013 1090 3094 necessariam
1110 3031 1172 3072 esse
1187 3023 1226 3080 30

176 3101 297 3170 diceret,
324 3101 447 3178 petebat,
473 3109 505 3158 ut
527 3099 593 3174 ejus
614 3099 762 3160 voluntate
784 3100 933 3160 discedere
954 3101 1074 3162 liceret:
1104 3121 1172 3162 ncn-

176 3190 260 3260 nulli,
281 3189 389 3266 pudore
404 3189 531 3258 adducti,
547 3197 578 3246 ut
591 3187 702 3248 timoris
721 3191 916 3266 suspicionem
931 3192 1065 3262 vitarent,
1081 3209 1172 3252 rema-

176 3280 293 3338 nebant.
335 3277 377 3336 Hi
390 3297 485 3354 neque
495 3277 608 3336 vultum
619 3278 728 3355 fingere
742 3297 837 3356 neque
850 3280 995 3339 interdum
1004 3281 1174 3356 lachrymas

176 3378 275 3426 tenere
290 3376 437 3444 poteraut:
460 3365 547 3425 abditi
565 3367 596 3424 in
610 3368 808 3426 tabernaculis
829 3381 879 3432 aut
895 3389 982 3428 suum
997 3369 1089 3427 fatum
1102 3387 1175 3442 que-

177 3458 323 3526 rebantur,
349 3466 401 3514 aut
424 3475 493 3514 cum
521 3455 715 3516 familiaribus
742 3458 803 3516 suis
830 3477 984 3518 commuue
1008 3454 1173 3532 periculum
1186 3467 1226 3522 35

176 3547 400 3604 miserabantur.
442 3545 541 3622 Vulgo
554 3547 619 3604 totis
633 3547 737 3607 eastris
750 3556 921 3606 testamenta
933 3543 1171 3618 obsignabantur.

176 3635 292 3695 Horum
306 3633 427 3692 vocibus
445 3653 481 3692 ac
491 3635 606 3704 timore,
622 3635 763 3712 paulatim
777 3637 865 3696 etiam
879 3635 909 3702 ii,
924 3632 975 3706 qui
989 3645 1128 3704 magnum
1142 3631 1173 3688 in

175 3724 280 3782 castris
290 3743 376 3785 nsum
384 3724 537 3794 habebam,
546 3724 652 3782 milites
660 3724 912 3798 centurionesque,
921 3720 1029 3794 quique
1043 3717 1174 3792 equitatu

176 3824 339 3890 praeerant,
362 3813 615 3890 perturbabantur.
657 3812 774 3877 Quies
802 3827 839 3868 ex
864 3807 909 3866 bis
936 3806 1033 3864 minus
1059 3806 1197 3870 timidos·
