2826 4336
160 267 216 314 cm
227 263 314 318 seca]
548 263 645 312 LIBER
658 265 825 314 SEPTIMUS.
1152 263 1214 326 145

159 405 349 483 magistratus
369 403 464 460 creari
479 413 618 473 vetarent,
633 403 684 462 sed
705 405 792 462 etiam
813 405 843 462 in
864 415 968 467 senatu
987 425 1051 468 essa
1065 409 1161 485 probi·

161 493 282 567 bereut3
305 492 410 551 Cotum
425 493 579 570 imperium
589 493 734 569 deponere
756 495 870 572 coligit;
891 495 1160 571 Conuictolitauem,

160 586 210 660 qui
233 601 285 660 par
306 583 481 652 sacerdotes,
495 601 574 642 more
593 585 727 654 civitatis,
742 585 913 646 intromissis
934 589 1159 666 magistratibus,

158 683 374 742 essetoreatus,
390 683 559 749 potestatem
572 674 702 733 obtinere
714 676 819 750 jussit(

204 761 345 820 XXXIV.
367 761 433 822 Hoc
457 761 574 822 decreto
596 765 770 841 interposito,
790 767 956 840 cononatus
976 768 1104 839 Aeduos,
1128 772 1189 829 ut5

161 853 426 910 controversiarum
442 869 477 910 ac
491 851 702 912 dissensionum
722 854 973 927 obliviscerentur,
989 867 1085 934 atque,
1100 877 1158 917 om-

161 941 249 1000 nibus
270 941 383 1000 omissis
405 942 450 1000 lris
475 937 572 1012 rebus,
594 943 667 1000 huic¹
685 943 760 1002 bello
781 939 931 1017 servirent,
956 965 1059 1024 eaque,
1082 965 1159 1026 quae

161 1026 354 1102 meruissent'
370 1031 502 1107 praemia
533 1031 570 1093 ab
599 1031 781 1102 sudarium
809 1033 917 1105 Gallia,
946 1047 1157 1112 exspectarent,

159 1121 381 1198 equitatumque
401 1139 526 1191 omnem,
541 1131 570 1180 et
583 1121 711 1198 peditum
733 1123 826 1182 millia
839 1142 859 1182 x
872 1124 927 1183 sibi
942 1125 1077 1182 celeriter
1096 1127 1159 1182 mit·

160 1217 262 1279 terent,
277 1227 357 1286 quae
370 1210 400 1266 iu
415 1209 566 1286 praesidiis
580 1212 623 1268 rei
645 1210 853 1270 frumentariae
874 1231 965 1272 causa
985 1213 1157 1289 disponeret,
1170 1217 1208 1274 1⁰

158 1299 326 1356 &ercitum
338 1299 368 1358 iu
383 1298 457 1358 duas
471 1309 568 1374 partes
585 1299 703 1372 divisit;
727 1317 759 1368 rr
774 1299 905 1376 legiones
918 1302 948 1358 in
962 1299 1092 1358 Senones
1105 1301 1157 1358 Pa-

160 1387 301 1464 risicsque
323 1385 455 1446 Labieno
476 1388 625 1447 ducendas
647 1388 743 1462 dedit3
766 1407 800 1447 vr
820 1390 881 1467 ipse
904 1389 934 1448 iu
949 1389 1100 1448 Arvernos
1122 1390 1187 1448 ad··

157 1477 295 1554 oppidum
318 1476 495 1556 Gergoviam
514 1479 676 1536 secundum
696 1479 806 1550 iiumen
828 1477 939 1536 Elaver
953 1477 1035 1538 duxit
1046 1499 1055 1556 ς
1078 1481 1157 1556 equi-

157 1575 236 1626 tatus
250 1575 361 1644 partam
375 1567 422 1624 illi
434 1567 572 1640 attribuit,
588 1577 699 1643 partem
712 1569 767 1626 sibi
787 1568 913 1646 reliquit.
954 1568 1024 1634 Qua
1039 1587 1070 1626 re
1091 1588 1157 1648 cog·

159 1655 229 1726 nita,
239 1654 472 1734 Vercingetorix,
480 1656 615 1714 omnibus
623 1657 791 1734 interruptis
798 1658 863 1734 ejus
874 1657 1010 1719 fluminis.
1011 1659 1157 1736 pontibus,
1169 1664 1207 1720 lu

160 1743 197 1802 ab
211 1745 306 1802 altera
320 1744 456 1804 Elaveris
467 1754 548 1821 parte
563 1747 618 1804 iter
632 1743 729 1808 iacere
743 1747 846 1824 coepit.
898 1755 901 1762 ⁴

201 1833 327 1894 XXXV.
359 1835 461 1900 Quum
485 1845 608 1912 uterque
621 1826 744 1912 ¹utrique
769 1847 843 1896 esset
867 1839 1013 1910 exercitus
1038 1840 1068 1897 iu
1089 1855 1157 1898 con-

155 1935 270 2002 spectu,
294 1923 413 2000 fereque
435 1943 452 1982 e
475 1925 593 2001 regione
618 1927 720 1984 castris
744 1936 840 1984 castra
864 1937 990 2004 poneret,
1015 1927 1157 2004 dispositis

158 2013 397 2092 exploratoribus,
413 2015 520 2075 necubi
534 2014 637 2073 effecto
657 2026 741 2092 ponte
764 2015 888 2079 Romani
909 2019 1007 2094 copias
1024 2017 1157 2078 traduce·

160 2114 234 2174 rent,
249 2106 355 2164 eratin
348 2106 485 2191 magnis
505 2103 625 2164 Caesari
646 2105 865 2165 difficultatibus
887 2125 942 2178 res,
957 2125 994 2166 ue
1017 2109 1156 2184 majorem
1166 2113 1205 2172 2⁰

160 2196 277 2254 aestatis
301 2204 411 2272 partem
435 2195 555 2253 flumine
580 2195 785 2272 impediretur3
819 2195 897 2272 quod
921 2213 977 2254 uon
990 2195 1062 2256 fere
1088 2207 1154 2256 ante

159 2294 333 2344 autumnum
348 2283 458 2344 Elauer
468 2284 542 2342 vado
551 2286 668 2344 transiri
681 2285 762 2344 solet
791 2285 917 2388 Itaque,
912 2304 948 2344 ne
959 2285 987 2342 id
999 2285 1154 2358 accideret,

158 2371 285 2432 sivestri
299 2373 364 2432 loco
375 2374 479 2435 castris
499 2373 606 2450 positis,
622 2375 771 2451 eregione
793 2375 881 2431 unius
900 2357 1002 2430 dorum
1015 2374 1153 2448 pontium,

158 2481 236 2538 quos
245 2462 470 2540 Vercingetorix
491 2463 696 2522 rescindendos
715 2472 878 2534 curaverat,
894 2472 1006 2537 postero
1025 2461 1073 2518 die
1085 2479 1154 2518 cum

160 2569 182 2612 rr
196 2551 381 2630 legionibus
373 2571 403 2610 m
416 2553 532 2612 occulto
546 2554 666 2625 restitit3
691 2552 818 2630 reliquas
828 2552 926 2628 copias
940 2563 1009 2610 curn
1022 2550 1207 2614 omnibusne

159 2643 378 2718 impedimentis,
395 2653 427 2700 ut
440 2652 640 2713 consueverat,
656 2643 741 2712 misit,
757 2641 849 2717 captis
869 2639 1042 2716 quibusdam
1054 2638 1154 2698 colaor.

159 2731 244 2802 tibus,
260 2733 302 2789 uti
317 2750 456 2793 numerus
474 2732 621 2810 legionum
642 2741 774 2792 constare
789 2729 944 2795 videretur.
987 2727 1052 2800 His,
1066 2745 1155 2805 quum

160 2821 326 2899 longissima
340 2830 464 2900 possent,
473 2819 629 2926 progredi
617 2821 717 2896 jussis,
726 2837 818 2897 quum
829 2819 891 2896 jam
905 2832 942 2877 ex
956 2818 1013 2878 diei
1027 2827 1154 2896 tempore

158 2913 359 2988 conjecturam
379 2920 506 2988 caperet,
528 2913 559 2970 in
572 2922 683 2982 castra
699 2920 879 2988 perventum,
901 2909 1002 2969 iisdem
1025 2909 1153 2982 sublicis,

158 3019 283 3078 quarum
311 3019 378 3078 pars
404 3000 523 3061 inferior
550 2973 662 3076 integra
690 3000 866 3072 remanebat,
896 3011 1010 3077 pontem
1033 2999 1153 3060 reticere
1167 3011 1206 3066 80

158 3091 262 3168 coepit.
303 3090 445 3150 Celeriter
466 3089 568 3160 affecto
589 3107 686 3166 opere,
708 3087 926 3194 legionibusque
949 3090 1097 3161 traductis,
1125 3101 1155 3150 et

161 3179 224 3240 loco
244 3182 348 3242 castris
370 3181 471 3245 idoneo
484 3181 606 3250 deleme,
621 3181 749 3258 reliquas
762 3181 861 3258 copias
882 3183 1037 3240 revocavit.
1080 3181 1153 3240 Ver

158 3273 376 3352 gingetori1,re
397 3271 577 3374 cognitane
597 3281 698 3330 contra
718 3272 993 3344 suamvoluntatem
1013 3272 1154 3331 umnam

159 3371 321 3438 cogeretur,
335 3361 451 3438 maguis
464 3361 618 3420 itineribus
631 3362 795 3421 antecessit.

199 3449 339 3508 XXXVI.
362 3449 472 3510 Caesar
485 3469 522 3508 ex
530 3465 571 3508 eo
585 3450 648 3508 loco
661 3451 769 3526 quintis
782 3451 887 3510 castris
901 3449 1079 3524 Gergoviam
1091 3461 1152 3519 per-
1166 3449 1206 3504 85

159 3539 256 3612 rauit3
280 3540 465 3616 equestrique
479 3539 587 3618 proelio
608 3557 642 3596 eo
662 3539 709 3598 dic
732 3539 791 3596 levi
805 3537 891 3606 iacto,
911 3544 1059 3612 perspecto
1074 3532 1154 3590 urbis

158 3629 225 3698 situ,
239 3647 325 3705 quac,
340 3627 432 3705 posita
453 3630 484 3686 in
504 3629 642 3688 altissimo
664 3637 768 3697 moute,
782 3643 882 3682 omnes
904 3622 1012 3682 aditus
1022 3617 1154 3676 difficiles

158 3717 291 3787 habebat,
300 3717 336 3776 de
351 3717 562 3796 expugnatione
577 3717 759 3794 desperavit3
781 3713 817 3770 de
831 3709 994 3769 obsessione
1006 3723 1064 3767 nou
1074 3707 1154 3783 prius

159 3805 303 3884 agendum
318 3807 474 3876 coustituit,
488 3825 577 3884 quam
592 3825 654 3866 rem
670 3799 889 3863 frumentariam
899 3793 1070 3872 expedisset.
1112 3795 1155 3856 At
