2830 4326
203 277 257 322 Car.
268 275 327 329 eu]
606 273 703 322 LIBER
716 273 845 322 ruimus
1209 269 1247 328 16

202 423 329 490 tempore
344 412 540 488 principatum
560 412 590 468 in
611 413 727 470 civitate
747 411 893 472 obtinebat
913 431 949 471 ae
970 413 1096 471 maxime
1117 414 1193 492 plebi

201 513 340 579 aeoeptus
351 511 423 572 erat,
435 511 467 560 ut
476 501 554 560 idem
564 511 727 572 conaretur,
739 502 901 578 persuadet,
912 503 997 579 eique
1008 503 1098 562 tiliam
1108 524 1192 563 susm
1303 547 1305 554 ι

200 593 230 648 iu
245 592 461 648 matrimonium
474 591 533 650 dat.
575 589 719 649 Perfacile
734 590 813 649 fautu
827 610 891 650 esse
904 592 963 650 illis
976 593 1076 670 probat
1089 603 1193 653 uenata

200 683 350 759 perficere,
366 691 515 758 propterea
528 681 604 758 qued
620 682 681 758 ipse
699 689 771 740 stiae
791 683 915 740 civitatis
928 683 1081 760 imparium
1095 685 1190 741 obten-

199 783 281 830 turus
294 780 390 830 esset:
412 789 469 832 una
482 790 545 830 esse
566 771 696 842 dubium,
711 772 782 848 quin
796 773 882 830 totius
897 773 1012 832 Galliae
1031 773 1189 849 plurimum
1202 781 1222 834 d

200 863 328 922 Helvetii
342 873 457 942 possent
467 879 478 920 r
493 882 527 920 se
545 865 607 922 suia
625 858 723 940 copiis,
737 881 848 940 suoque
868 866 1008 935 exercitu,
1022 865 1081 924 illis
1099 883 1191 944 regna

197 954 432 1023 conciliaturum,
454 955 614 1011 coufirnrat.
656 953 724 1011 Hae
753 955 881 1012 oratione
910 953 1035 1024 adducti,
1056 956 1133 1014 inter
1158 976 1189 1016 se

199 1043 283 1100 fidem
302 1055 331 1102 et
350 1043 557 1120 jusjurandum
576 1043 654 1114 dant,
669 1053 706 1115 et,
724 1061 814 1122 regno
832 1055 981 1120 occupato,
996 1064 1048 1122 per
1065 1055 1124 1104 tres
1141 1065 1188 1123 po.

199 1134 370 1191 tentissimos
392 1150 428 1191 ae
449 1132 627 1191 firraissimos
646 1134 766 1211 populos
783 1135 870 1192 totius
887 1133 1003 1193 Galliae
1023 1154 1087 1192 sese
1105 1137 1189 1212 potiri

200 1241 281 1298 pesae
295 1232 421 1300 sperant.
1203 1233 1241 1292 ιο

240 1311 293 1370 IV.
315 1313 361 1372 Ea
374 1331 421 1371 res
436 1323 469 1371 ut
482 1323 526 1372 est
544 1313 692 1372 Helvetiis
704 1331 756 1389 per
769 1312 910 1370 indicium
924 1313 1089 1383 enunciata,
1105 1315 1188 1372 mori·

203 1401 257 1458 bus
270 1404 329 1460 suis
349 1403 549 1481 Orgetorigem
563 1423 600 1462 ex
616 1403 742 1462 vinculis
763 1418 883 1461 causam
903 1401 1001 1459 dicere
1015 1411 1187 1479 coegerunt:

200 1491 365 1550 damnatum
380 1511 501 1570 poenam
516 1495 599 1569 sequi
613 1492 768 1570 oportebat,
785 1501 816 1550 ut
829 1492 891 1568 igni
904 1501 1096 1551 cremaretur.
1131 1492 1188 1552 Die

199 1581 349 1640 conmitnta
373 1601 481 1642 causae
504 1583 646 1653 diationis,
668 1581 823 1660 Orgetorix
847 1581 884 1640 sd
906 1581 1050 1658 judicium
1073 1602 1187 1642 omnam

197 1691 278 1730 suam
301 1673 450 1744 familiam,
467 1674 503 1732 ad
524 1675 673 1732 hominurn
693 1675 787 1731 millia
806 1673 917 1744 decem,
936 1672 1063 1750 undique
1083 1677 1239 1753 nergiato

197 1773 225 1822 et
237 1783 335 1822 omnes
349 1764 472 1822 clientes
485 1766 693 1842 obaeratosque
703 1783 780 1835 suos,
795 1782 919 1840 quorum
934 1781 1073 1841 magnum
1087 1783 1186 1823 nume·

197 1873 260 1912 rum
281 1856 414 1925 habebat,
429 1856 530 1914 eodem
550 1855 706 1914 conduxit:
727 1873 907 1933 ponesano
926 1873 1047 1914 eausam
1067 1855 1186 1926 diceret,
1235 1875 1238 1880 ·

196 1964 226 2002 ae
246 1943 362 2022 eripuit.
404 1945 507 2011 Quum
528 1946 641 2017 civitas,
657 1947 693 2003 ob
711 1959 777 2006 eam
797 1963 859 2004 rem
882 1946 1009 2016 incitata,
1030 1947 1119 2004 annis
1137 1947 1187 2022 jus

196 2047 280 2092 suum
294 2037 415 2112 exsequi
430 2046 593 2106 conaretur,
608 2035 878 2112 multitudinemque
894 2037 1041 2094 hominum
1056 2055 1092 2094 ex
1107 2037 1186 2115 agris

197 2127 381 2203 magistratus
402 2137 548 2203 cogerent,
572 2124 726 2204 Orgetorix
747 2137 878 2186 mortuus
898 2136 958 2184 est:
986 2143 1081 2202 neque
1106 2127 1238 2188 obenan

197 2217 328 2292 euspicio,
345 2225 377 2274 ut
398 2215 526 2274 Helvetii
536 2255 537 2258 κ
549 2217 733 2287 arbitrantur,
748 2217 819 2294 quin
833 2217 894 2294 ipse
908 2216 963 2274 sibi
984 2225 1105 2274 nortem
1119 2219 1184 2276 eon-

197 2307 321 2364 seiverit.
976 2359 978 2366 ,

235 2395 273 2452 V.
296 2395 362 2454 Post
381 2397 446 2472 ejus
460 2407 580 2456 mortem
593 2397 684 2456 nihilo
704 2397 801 2454 minus
821 2396 949 2455 Helvetii
969 2397 1008 2466 id,
1022 2396 1097 2473 qued
1119 2415 1185 2454 eon·

199 2485 352 2554 stituerunt,
375 2486 473 2544 fauere
495 2497 646 2556 conantur,
669 2497 702 2543 ut
721 2506 738 2542 e
760 2486 873 2542 linibus
890 2487 952 2542 suis
972 2495 1086 2542 exeant.
1128 2483 1186 2542 Ubi

194 2574 254 2650 jam
274 2595 304 2633 se
325 2576 360 2633 ad
382 2593 447 2634 eam
461 2595 522 2634 rom
543 2587 657 2654 paratos
677 2593 741 2632 esse
762 2574 891 2632 arbitrati
912 2581 988 2642 suut,
1009 2572 1113 2648 oppida
1132 2584 1237 2642 suana

195 2667 298 2736 omnia,
313 2685 434 2726 numero
448 2667 491 2724 ad-
505 2663 666 2736 duedecim,
681 2665 761 2722 riuos
775 2661 811 2720 ed
825 2661 1058 2740 quadringentos,
1073 2661 1186 2738 reliqua

197 2757 305 2831 privata
319 2755 453 2815 aedilicia
472 2757 631 2815 inpendunt
640 2775 649 2829 3
673 2753 851 2812 frumentum
867 2769 960 2823 omne,
976 2761 1090 2830 praeter
1109 2753 1185 2831 quod

196 2863 294 2904 seeum
314 2847 453 2923 portaturi
473 2857 564 2917 erant,
578 2847 759 2915 comburunt,
776 2854 816 2914 ut,
831 2843 947 2902 domum
969 2843 1114 2902 reditionis
1134 2863 1183 2924 spe

194 2935 314 3006 sublata,
329 2937 488 3012 paratiores
501 2936 537 2993 ad
551 2938 646 2994 omnis
661 2935 792 3012 pericula
803 2934 953 2994 subeunda
967 2944 1076 2994 essenti
1096 2937 1184 2994 trium

194 3027 335 3082 mensium
357 3025 457 3082 molita
477 3026 587 3083 oibarie
607 3027 661 3083 sibi
681 3043 825 3102 quemque
846 3024 929 3082 dome
949 3023 1052 3082 afferre
1070 3027 1183 3102 jubent.
1196 3040 1236 3096 ao

195 3111 370 3172 Persuadent
392 3115 538 3172 Rauracis
550 3124 579 3172 et
595 3113 732 3192 Tulingis
745 3125 774 3173 et
794 3114 958 3192 Latobrigis
978 3115 1116 3185 finitimis,
1131 3117 1182 3186 uti,

195 3203 291 3260 aedem
307 3205 353 3262 nsi
366 3204 495 3274 consilio,
510 3205 619 3280 oppidis
632 3207 693 3262 suis
707 3201 837 3280 vicisque
851 3205 969 3273 exustis,
986 3223 1045 3261 una
1058 3220 1127 3264 eum
1147 3205 1183 3263 iis

195 3291 429 3366 proficiscantur:
451 3293 602 3370 baiasque,
616 3296 666 3372 qui
686 3303 766 3352 trans
786 3293 922 3352 Rhenum
944 3293 1133 3363 ineolnerant,
1156 3303 1185 3351 et

194 3381 351 3461 inegram
375 3383 519 3441 Noricum
547 3386 728 3454 transierant,
754 3383 952 3457 Noreiamque
974 3390 1183 3457 oppugnarent,

195 3483 322 3547 receptos
337 3473 374 3528 ad
388 3491 419 3528 se
433 3474 525 3531 socios
538 3474 592 3531 sibi
607 3473 782 3532 adsciscunt.
1197 3479 1235 3541 aa

233 3559 286 3618 Vl.
320 3561 413 3618 Erunt
436 3564 550 3622 omnino
573 3563 677 3621 itinera
700 3563 766 3630 duo,
791 3562 898 3636 quibua
923 3553 1075 3614 itineribus
1102 3553 1185 3616 demo

193 3649 273 3707 exire
297 3659 428 3726 possent:
458 3670 549 3710 uuum
574 3671 625 3728 per
648 3653 807 3727 Sequanos,
829 3653 985 3721 angustum
1006 3649 1034 3698 et
1057 3642 1184 3714 difficile,

194 3737 269 3798 inter
289 3749 415 3798 montem
434 3740 536 3800 Juram
555 3751 585 3800 et
604 3741 712 3798 flumen
733 3735 915 3802 Rhodanum,
930 3731 979 3788 vix
999 3747 1058 3806 qua
1077 3732 1185 3812 singuli

193 3828 272 3886 carri
293 3829 489 3904 ducerentur3
523 3847 605 3888 nous
629 3837 726 3888 autern
751 3823 911 3882 altissimus
934 3818 1127 3894 impendebat,
1153 3834 1186 3916 ut
