2804 4312
169 319 281 375 anna]
573 317 812 368 transeamus.
1169 309 1213 370 2't

133 459 138 468 “
168 459 224 516 nisi
254 457 362 534 quibus
396 457 544 514 communi
572 458 691 516 consilio
718 458 886 518 mandatum
914 468 998 529 essct,
1027 460 1102 524 inter
1127 477 1159 518 se

168 557 338 606 sanxerunt.

209 637 319 697 XXXI.
342 637 388 696 Eo
398 637 523 696 concilio
536 636 662 708 dimisso,
677 639 764 696 iidem
779 640 924 715 principes
938 639 1097 710 civitatum,
1109 641 1159 717 qui

169 737 234 786 ante
250 726 367 786 fuerant
385 727 421 784 ad
435 726 600 797 Caesarem,
616 738 804 798 reverterunt,
820 730 1028 804 petieruntque,
1049 731 1090 788 uti
1104 731 1159 788 sibi
1265 729 1272 740 “

168 827 279 876 secreto
292 818 322 874 in
344 816 459 874 occulto
482 817 518 874 de
542 832 596 874 sua
612 818 798 894 omniumque
812 818 905 875 salute
926 837 995 876 oum
1017 839 1051 878 ec
1072 827 1190 896 egeres

168 907 278 964 liceret.
314 905 360 964 Ea
374 924 406 964 re
420 907 582 983 impetrata,
591 925 654 963 sese
668 925 767 964 ornnes
781 907 882 964 flentes
892 908 1011 967 Caesari
1026 909 1061 966 ad
1073 909 1159 985 pedes

169 997 368 1072 projecerunt:
391 993 458 1052 Non
473 995 570 1052 minus
584 1015 615 1055 so
629 995 658 1053 id
672 997 845 1054 contendere
859 1007 888 1054 et
906 997 1046 1068 laborare,
1061 1017 1098 1055 ne
1113 1017 1158 1068 ea,

169 1103 244 1160 quae
265 1085 411 1154 dixissent,
435 1085 671 1155 annumerentur,
692 1105 782 1161 quem
807 1088 849 1144 uti
873 1106 917 1156 ca,
941 1105 1017 1162 quas
1040 1088 1158 1158 vellent,

168 1175 370 1251 impetrarent:
392 1185 544 1252 propterea
558 1174 642 1250 quod,
657 1176 683 1232 si
694 1177 894 1254 'enunciatum
914 1187 998 1245 esset,
1014 1195 1160 1234 summum

167 1265 199 1320 in
223 1265 387 1322 cruciatum
410 1283 442 1322 so
464 1273 599 1321 venturos
623 1264 764 1321 viderent.
817 1263 949 1321 Locutus
972 1275 1016 1322 est
1042 1283 1093 1340 pro
1117 1265 1160 1322 his
1177 1267 1212 1323 10

164 1353 336 1412 ›Divitiacus
354 1353 494 1410 Aeduus:
516 1353 633 1410 Galliae
654 1354 741 1410 totius
762 1351 902 1410 sactiones
922 1371 985 1410 essa
1000 1353 1090 1410 duas:
1111 1353 1160 1411 ha-

170 1461 240 1500 rum
254 1442 373 1500 alterius
388 1443 578 1518 principatum
599 1453 698 1500 tenere
721 1441 849 1511 Aeduos,
865 1442 985 1501 alterius
999 1443 1159 1500 Arvemcs.

169 1533 211 1592 Hi
226 1551 318 1610 quum
340 1543 484 1610 tantopere
506 1534 541 1591 de
557 1543 703 1610 potentatu
718 1535 837 1590 interae
859 1533 963 1590 multos
986 1551 1076 1590 annos
1095 1551 1160 1590 con·

168 1623 328 1692 tenderent,
352 1621 461 1680 facturn
480 1643 552 1694 esse,
577 1624 619 1680 uti
639 1623 677 1680 ab
697 1623 840 1680 Arvernis
862 1623 1062 1698 Sequanisque
1088 1622 1160 1680 Ger·

168 1715 246 1770 mani
268 1710 402 1771 mercede
424 1723 648 1771 arcesserentur.
691 1713 805 1770 Horum
826 1715 917 1790 primo
938 1714 1056 1771 circiter
1069 1713 1160 1772 millia
1175 1715 1212 1768 15

169 1821 211 1860 xv
230 1803 367 1860 Rhenum
389 1803 543 1860 transisse:
565 1812 750 1879 posteaquam
765 1821 848 1880 egros
862 1813 890 1861 et
903 1804 1016 1862 cultum
1027 1812 1055 1860 et
1064 1804 1161 1878 copias

169 1891 321 1951 Gallorum
349 1892 480 1949 homines
508 1890 562 1949 sari
590 1911 625 1949 ac
653 1892 768 1950 barbari
792 1892 983 1962 adamassem,
1012 1891 1161 1950 traductos

169 1981 281 2058 plures:
303 2001 383 2040 nuuc
402 1999 466 2039 esse
491 1983 521 2038 io
541 1981 640 2040 Gallia
654 1981 690 2038 ad
710 2001 726 2040 o
747 1992 776 2040 at
795 1999 836 2039 xx
849 1981 973 2039 millium
987 1999 1159 2039 numerum:

168 2091 236 2130 curn
246 2073 291 2130 bis
301 2072 430 2141 Aeduos,
442 2090 599 2148 eorumque
614 2072 734 2130 clientes
747 2072 837 2130 semel
852 2081 938 2148 atque
952 2072 1058 2129 iterum
1072 2071 1160 2128 armis

169 2162 366 2234 contendisse3
389 2178 526 2238 magnam
540 2161 735 2220 calamitatem
755 2159 853 2238 pulsos
874 2160 1031 2236 accepisse,
1047 2175 1161 2216 onmem
1173 2159 1213 2214 20

168 2253 354 2320 nobilitatem,
380 2269 493 2308 omnem
517 2261 659 2321 senatum,
687 2269 802 2308 onmem
830 2251 991 2327 equitatum
1018 2249 1159 2306 amisisse.

169 2341 285 2406 Quibus
296 2342 413 2417 proeliis
427 2339 696 2416 calamitatibusque
706 2338 826 2410 ‚fractos
838 2339 888 2416 qui
903 2349 931 2398 at
944 2357 999 2396 sua
1013 2338 1118 2395 virtute
1132 2345 1162 2394 et

169 2427 271 2506 Populi
294 2429 417 2488 Romani
445 2431 564 2506 hospitio
592 2441 677 2506 atque
703 2429 831 2486 amicitia
855 2429 1013 2504 plurimum
1038 2436 1103 2483 ante
1131 2427 1161 2482 in

171 2519 270 2578 Gallia
284 2521 449 2596 potuissent,
464 2530 579 2578 coactos
593 2539 656 2577 esse
674 2518 817 2593 Sequanis
831 2515 943 2572 obsides
956 2514 1026 2570 dare
1047 2513 1161 2570 nobilis-

168 2611 256 2668 simos
284 2611 417 2681 civitatis,
445 2619 474 2668 et
498 2608 690 2687 jurejurando
714 2605 862 2664 civitatem
885 2603 1072 2677 obstringere,
1098 2619 1161 2660 sese
1174 2603 1213 2658 25

168 2717 264 2776 nequa
277 2699 389 2758 obsides
410 2701 588 2776 repetituros,
603 2715 698 2774 neque
720 2693 862 2752 auxilium
877 2713 895 2750 a
909 2690 1018 2767 Populo
1032 2690 1162 2749 Romano

169 2792 380 2868 imploraturos,
391 2809 485 2867 nequa
501 2797 695 2858 recusaturos,
708 2804 765 2863 quo
775 2785 870 2842 minus
880 2791 1018 2860 perpetuo
1031 2781 1085 2840 sub
1100 2781 1161 2840 illo·

170 2899 236 2938 rum
256 2881 361 2938 ditione
382 2889 468 2957 atque
488 2878 611 2955 imperio
628 2887 733 2936 essent.
776 2873 875 2934 Unum
895 2891 927 2930 sa
946 2891 1010 2930 esse
1030 2871 1162 2931 exomni

169 2971 286 3028 civitate
306 2969 486 3038 Aeduorum,
502 2969 553 3044 qui
573 2967 679 3025 adduci
696 2984 754 3024 nou
775 2964 907 3042 potuerit,
923 2971 955 3021 ut
973 2962 1095 3038 juraret,
1111 2973 1161 3021 aut

169 3080 236 3118 suos
250 3061 356 3118 liberos
368 3059 481 3117 obsides
494 3058 585 3116 daret.
628 3055 675 3113 Ob
694 3075 760 3114 eam
779 3072 840 3112 rem
854 3075 885 3112 se
904 3073 941 3112 ex
962 3054 1078 3112 civitate
1098 3071 1160 3129 pro·
1175 3053 1213 3109 30

170 3149 288 3227 fugisse,
311 3159 338 3208 et
352 3149 475 3208 Romam
490 3147 526 3206 ad
540 3156 672 3204 senatum
684 3148 808 3216 venisse,
823 3144 966 3204 auxilium
976 3144 1160 3220 postulatum,

169 3241 246 3318 quod
271 3240 351 3297 solus
375 3255 470 3315 neque
498 3235 691 3312 jurejurando
712 3255 807 3311 neque
832 3234 979 3294 obsidibus
1002 3243 1159 3292 teneretur.

169 3329 226 3388 Sed
241 3329 324 3406 pejus
337 3328 496 3386 victoribus
515 3327 667 3403 Sequanis,
679 3345 767 3403 quarn
782 3323 895 3382 Aeduis
906 3321 998 3393 victis,
1011 3323 1160 3390 accidisse,

169 3429 321 3495 propterea
331 3418 406 3493 quod
418 3417 591 3486 Ariovistus,
604 3434 655 3473 rex
668 3415 890 3481 Germanorum,
902 3413 932 3468 in
944 3431 1043 3470 eorum
1055 3411 1161 3467 finibus

169 3509 353 3576 consedisset,
365 3508 535 3583 tertiamque
544 3515 655 3584 partem
665 3505 728 3581 agri
738 3499 875 3579 Sequani,
887 3501 938 3576 qui
952 3509 1028 3558 esset
1036 3497 1161 3572 optimus
1175 3501 1213 3554 35

168 3600 257 3656 totius
280 3597 407 3666 Galliae,
428 3598 637 3673 occupavisset,
658 3605 686 3652 et
707 3613 786 3650 nuno
807 3592 842 3650 da
864 3591 955 3648 altera
975 3595 1055 3661 parte
1077 3582 1160 3640 tertia

168 3688 320 3764 Sequanos
330 3687 470 3745 decedere
481 3687 596 3761 juberet
607 3706 616 3760 3
640 3693 790 3759 propterea
801 3678 886 3754 quod,
902 3675 1004 3750 paucis
1015 3670 1161 3730 mensibus

170 3788 247 3847 anta,
268 3777 424 3836 Harudum
452 3777 544 3834 millia
568 3776 717 3834 homiuum
744 3786 818 3826 xxrv
846 3765 883 3822 ad
912 3781 980 3820 eum
1004 3761 1159 3834 venissent,

168 3867 277 3944 quibus
301 3866 382 3925 locus
410 3885 446 3925 ac
466 3865 549 3924 sedes
571 3869 755 3939 pararentur.
797 3855 944 3912 Futurum
968 3869 1031 3910 essa
1059 3851 1160 3926 paucis
