2826 4336
171 309 327 375 omn-ssi
573 318 670 370 uren
681 321 839 374 numius.
1171 316 1233 374 los

173 471 301 539 penem.
345 458 453 535 Neque
469 455 566 518 tamen
582 459 634 516 ulli
647 449 760 518 civitati
775 459 990 520 Germanorum
1008 461 1179 538 persuaderi

172 553 274 628 poturit,
290 559 324 609 ut
338 549 476 606 Rhenum
496 551 640 620 transiret,
655 569 747 626 quum
768 570 802 608 se
822 551 866 608 bis
886 561 1018 628 expertos
1039 551 1176 622 dicerent,

173 641 321 706 Ariovisti
335 639 412 696 bello
425 648 455 696 et
469 638 722 698 Tenclttherorum
744 641 877 710 transitu,
892 659 949 698 non
965 661 1030 700 esse
1052 641 1177 717 anplius

173 731 323 822 Iortpnam
344 728 523 786 tentandam.
568 721 634 786 Han
649 748 705 805 spe
720 730 819 805 lapsus
839 729 1060 801 Indutiomarus,
1075 732 1176 790 nibilo-

173 821 274 878 minus
301 821 401 896 copias
428 834 547 894 cogere,
572 837 719 887 exercere,
745 839 764 876 a
791 820 919 880 finitimis
947 841 1036 896 equos
1063 831 1211 898 parares

174 909 293 968 exsules
316 909 526 984 dementesque
547 917 605 966 tota
621 907 719 966 Galliis
733 911 847 986 magnis
867 913 1003 986 praemiis
1018 911 1054 968 sd
1067 929 1099 970 se
1114 912 1176 970 elli·

175 1017 243 1056 cere
258 999 364 1076 coepit.
408 998 456 1054 Ac
470 1007 582 1057 tantam
597 999 652 1054 sibi
663 999 725 1074 jem
738 1000 774 1056 iis
789 1000 875 1056 rebus
889 1001 918 1056 in
934 1000 1033 1060 Gallia
1054 1002 1175 1062 auotori-

175 1097 509 1166 tatern‘oompereverat,
526 1095 557 1144 ut
572 1088 701 1163 undique
716 1089 752 1148 ad
766 1107 834 1146 enm
849 1090 1008 1166 legationes
1022 1109 1175 1160 concurre-

175 1189 248 1248 rent,
264 1179 389 1255 gratiam
400 1187 487 1252 etque
503 1167 663 1234 imicitiam
678 1179 794 1254 publice
810 1180 1001 1254 privatimque
1015 1188 1154 1254 peterent.

215 1269 297 1327 LVI.
321 1267 379 1327 Ubi
400 1269 544 1326 intellexit
567 1269 644 1328 ultre
667 1269 703 1325 ed
728 1287 759 1326 se
784 1270 887 1338 veniri,
913 1270 1005 1327 altere
1031 1285 1067 1324 ex
1095 1277 1175 1344 parte
1191 1273 1228 1328 io

174 1359 306 1416 Senones
325 1359 527 1434 Carnutesque
549 1359 727 1416 conscientia
750 1356 900 1432 facinoris„
910 1357 1041 1433 instigari
1053 1377 1062 1428 ;
1085 1358 1176 1414 altera

176 1448 305 1508 Nervios
328 1447 560 1524 Aduatucosque
582 1448 692 1504 bellum
714 1446 854 1504 Romanis
874 1465 986 1522 perere,
1007 1465 1103 1521 neque
1122 1447 1176 1512 eibi

177 1539 408 1596 voluntariorum
429 1537 528 1615 copies
543 1537 651 1606 defore,
667 1537 692 1593 si
706 1555 742 1593 ex
757 1536 863 1594 finibus
884 1537 945 1593 suis
966 1537 1097 1614 progredi
1111 1555 1174 1594 coe-

177 1630 264 1704 pisset
276 1649 285 1701 3
309 1637 453 1686 armatum
473 1628 630 1684 concilium
652 1626 761 1696 indicit,
777 1627 843 1702 (hoo
858 1645 937 1684 more
959 1626 1112 1704 Gallorum
1132 1635 1176 1686 est

179 1719 293 1776 initIum
318 1717 412 1792 belli)
435 1735 501 1792 quo,
527 1717 592 1794 lege
617 1718 773 1786 communi,
799 1732 898 1774 omnes
922 1717 1045 1794 puberes
1071 1717 1227 1782 armali15

179 1807 335 1866 convenire
363 1808 563 1877 consuerunt3
586 1807 638 1880 qui
662 1824 699 1864 ex
720 1807 756 1864 iis
776 1809 948 1866 novissbnus
963 1808 1050 1878 venit,
1064 1807 1093 1864 iu
1108 1816 1174 1866 cont

178 1907 278 1974 speetu
293 1897 486 1954 multitudInIs
502 1897 635 1953 omnibus
650 1898 828 1954 cruciatibus
843 1897 965 1956 effectus
979 1908 1111 1958 necatur.
1141 1897 1175 1956 In

179 2007 215 2046 eo
227 1989 351 2046 concilio
363 1988 588 2064 Cingetorigem,
606 1987 726 2043 alterius
748 1989 908 2064 principem
934 1988 1074 2058 lectionis,
1088 2005 1174 2066 gene·

179 2095 244 2134 rum
259 2097 354 2147 suum,
371 2078 474 2154 (quem
492 2095 581 2154 supra
602 2075 870 2147 demonstrvamus,
885 2078 1020 2136 Caesaris
1041 2089 1175 2138 secutum

179 2168 275 2237 fidem,
291 2168 327 2224 ab
348 2187 382 2224 eo
402 2185 458 2224 non
480 2165 670 2244 discessisse)
694 2167 802 2224 hostem
822 2168 943 2242 judicat,
960 2170 1090 2243 bonaque
1110 2168 1175 2244 ejus
1187 2171 1227 2229 20

180 2259 317 2334 publicet.
360 2257 416 2314 His
439 2257 526 2314 rebus
540 2255 688 2326 conlectis,
703 2256 732 2313 in
748 2258 871 2315 concilio
885 2259 1064 2332 pronunciat,
1080 2275 1174 2314 arces·

179 2348 267 2405 situm
289 2367 320 2404 se
343 2366 361 2404 s
383 2347 545 2404 Senonibus
568 2355 596 2403 et
622 2345 808 2415 Carnutibus
832 2345 954 2420 aliisque
978 2347 1176 2420 compluribus

180 2437 295 2494 Galliae
319 2437 494 2505 civitatibus,
515 2436 573 2493 huc
594 2437 649 2492 iter
670 2435 816 2492 lecturum
841 2435 985 2510 perfines
1008 2434 1175 2502 Remorum,
1210 2461 1213 2470 ⁴

179 2547 337 2602 eorumque
353 2537 438 2604 egros
453 2525 667 2602 populaturum,
684 2545 719 2582 ac
734 2526 921 2600 priusquam
936 2522 964 2577 id
977 2521 1074 2588 faciet,
1090 2520 1175 2578 Labi·

178 2619 225 2674 eni
240 2627 337 2674 eastra
350 2625 601 2692 oppugnaturum:
624 2634 700 2690 quae
716 2615 780 2670 lieri
795 2613 873 2681 velit,
891 2610 1040 2686 praecipit.
1188 2615 1227 2670 25

217 2705 314 2764 LVII.
337 2703 495 2774 Labienus,
511 2724 602 2780 quum
616 2715 645 2762 et
658 2704 715 2761 loci
730 2712 836 2760 natura
856 2710 884 2757 et
909 2717 998 2756 manu
1021 2699 1175 2758 munitissi-

178 2797 234 2853 mis
258 2796 362 2852 castris
385 2813 448 2851 sese
474 2803 595 2862 teneret,
621 2793 655 2850 de
682 2811 734 2850 ruo
756 2810 790 2848 ac
812 2789 934 2867 legionis
955 2788 1084 2865 periculo
1104 2789 1175 2847 nihil

178 2886 296 2942 timebat
306 2905 315 2956 ;
339 2904 375 2942 ne
390 2903 478 2960 quam
492 2884 675 2940 occasionem
689 2883 732 2939 rei
754 2881 826 2937 bene
848 2879 992 2956 gerendae
1012 2878 1175 2951 dimitteret,

177 2975 331 3052 cogitabat.
374 2973 474 3048 Itaque
493 2991 509 3028 a
529 2971 714 3048 Cingetorige
736 2979 822 3045 atque
843 2971 907 3047 ejus
928 2970 1093 3048 propinquis
1113 2989 1174 3030 cre-

177 3064 253 3121 tione
268 3063 457 3122 Indutiomari
472 3061 598 3138 cognite,
608 3078 696 3136 quam
711 3059 740 3116 in
755 3061 878 3118 concilio
892 3061 1042 3130 habuerat,
1054 3063 1176 3120 nuncios
1189 3070 1228 3126 30

178 3154 263 3210 mittit
286 3153 322 3209 ad
345 3153 483 3210 finitimas
508 3151 650 3218 civitates,
673 3150 841 3225 equitesque
867 3149 993 3226 undique
1018 3163 1174 3212 convocet:

179 3242 215 3300 iis
229 3251 343 3300 certum
364 3241 446 3298 diem·
464 3239 653 3298 conveniendi
676 3239 774 3304 dicit„
799 3239 917 3298 Interim
940 3243 1026 3316 prope
1049 3241 1175 3317 quotidie

178 3351 246 3390 curn
260 3331 337 3390 cinni
351 3333 481 3407 equitatu
495 3330 708 3388 Indutiomarus
722 3331 776 3387 sub
797 3332 899 3388 castris
920 3330 983 3406 ejus
1004 3331 1174 3407 vagabatur,

178 3421 251 3478 clins
274 3432 305 3479 ut
326 3422 413 3478 eitum
434 3430 593 3490 castrorum
615 3429 810 3497 cognosceret,
833 3421 905 3478 alias
923 3418 1104 3494 colloquendi
1126 3425 1176 3473 aut

178 3511 328 3568 territandi
342 3528 451 3567 eausa:
472 3511 583 3584 equites
597 3510 767 3586 plerumque
781 3529 881 3566 omnes
894 3508 953 3565 tela
974 3509 1049 3563 intra
1064 3504 1175 3561 vallum
1187 3515 1226 3568 35

67 3639 71 3644 -
178 3601 382 3676 conjiciebant.
429 3599 577 3658 Labienus
604 3617 671 3656 suos
697 3601 774 3660 iutra
802 3598 975 3656 munitiones
1002 3592 1198 3666 continebat„

178 3690 345 3766 timorisque
359 3690 531 3766 opinionem,
546 3689 768 3765 quibuscunque
782 3697 892 3762 poterat
907 3685 1001 3751 rebus,
1018 3681 1152 3757 sugebat.

219 3777 330 3838 Lvlli
353 3779 456 3844 Quum
470 3778 626 3854 majorem
646 3779 708 3836 dies
731 3773 939 3848 contemptione
962 3769 1175 3832 Indutiomarus

106 3887 108 3894 ,
179 3867 216 3926 Μ]
230 3877 328 3928 mm
340 3867 502 3938 maeret,
517 3877 601 3926 noete
616 3883 683 3935 una,
698 3861 869 3920 intromissis
889 3858 1033 3934 equitibus
1046 3861 1174 3934 emulum

697 3955 734 4009 10
