2826 4336
154 328 303 385 omaro-t
557 327 655 378 1.th
672 325 802 375 ffl'ttJS.
892 327 894 334 “
1145 319 1206 378 uo

152 477 211 538 tus,
226 483 333 545 magno
347 481 469 522 nurnero
482 463 642 535 interfecto,
654 465 854 542 compluribus
863 465 963 542 captis,
975 465 1078 542 paucis
1091 474 1154 542 post

153 558 256 616 diebus
267 557 415 614 civitatem
427 555 555 632 recepit:
570 571 638 612 nam
648 555 798 625 Germani,
808 556 859 630 qui
870 555 980 612 auxilio
989 555 1151 626 veniebant,

153 657 291 724 percepta
314 645 506 703 Trevirorum
529 643 608 721 fuga,
624 662 687 702 sese
707 643 825 702 domum
840 643 1034 704 contulerunt.
1075 643 1153 703 Cum

153 739 190 794 iis
212 736 367 814 propinqui
389 733 586 804 Indutiomari,
608 735 659 810 qui
680 731 857 792 defectionis
872 744 1005 792 auctores
1028 729 1151 805 fueraut,
1180 765 1181 768 ¹

138 827 282 894 ¹comitati
306 845 363 896 eos,
386 841 423 882 ex
448 825 565 882 eivitate
586 840 749 882 exoemere.
789 823 978 902 Cingetorigi,
1002 843 1091 901 quem
1115 825 1184 888 abd

153 916 235 974 initio
246 915 438 1020 permansisse
450 915 480 971 in
490 913 585 972 officio
596 913 864 983 demonstravimus,
876 915 1055 1024 principatus
1065 923 1153 1036 atquo

154 1007 310 1082 imperium
324 1014 367 1062 est
381 1004 530 1062 traditum

194 1095 248 1154 IX
284 1095 403 1165 Caesar,
427 1105 579 1170 postquam
607 1111 644 1152 ex
673 1092 851 1170 Menapiis'
842 1112 872 1150 ιιι
900 1091 1040 1151 Treviros
1063 1095 1151 1163 venit,

154 1185 268 1246 duabus
287 1185 326 1242 de
342 1185 442 1243 causis
464 1184 600 1242 Rhenum
620 1183 744 1240 transire
764 1183 929 1240 constituit:
950 1200 1075 1258 quarum
1089 1190 1153 1240 emt

155 1275 256 1346 altera,
271 1274 346 1350 quod
369 1275 479 1332 auxilia
498 1283 601 1332 contra
619 1291 650 1330 se
670 1272 804 1330 Treviris
817 1273 976 1342 miserant;
999 1269 1101 1338 alters,
1114 1287 1151 1326 ne
1167 1271 1204 1328 lo

157 1365 310 1422 Ambiorix
332 1364 368 1421 ad
390 1383 439 1422 eos
460 1373 612 1440 receptum
634 1362 763 1420 baberet.
806 1361 862 1418 His
880 1360 1041 1417 constitutis
1055 1359 1151 1430 rebus,

155 1455 277 1532 paulum
299 1471 387 1530 supra
407 1472 475 1511 eum
490 1453 599 1521 locum,
615 1471 672 1528 quo
685 1461 752 1508 ante
767 1450 928 1507 exercitum
942 1447 1153 1517 transduxerat,

156 1543 254 1602 iacere
268 1553 383 1620 pontem
396 1544 529 1602 instituit.
571 1542 650 1600 Nota
670 1551 757 1616 atque
771 1540 899 1598 instituta
914 1539 1032 1608 ratione,
1047 1555 1153 1616 magno

155 1635 283 1691 militurn
303 1633 405 1703 studio,
421 1633 523 1710 paucis
542 1633 645 1690 diebus
657 1647 731 1708 opus
745 1629 879 1690 efficitur.
922 1629 1021 1686 Firmo
1034 1629 1064 1685 in
1079 1627 1150 1686 Tre-

120 1763 123 1768 *
154 1725 227 1780 viris
249 1723 391 1799 praesidio
411 1723 447 1779 ad
467 1731 581 1798 pontem
597 1721 706 1790 relicto,
721 1737 758 1777 ne
773 1721 838 1796 quis
853 1720 889 1778 ab
903 1720 938 1778 iis
951 1719 1045 1776 subito
1058 1725 1152 1776 motus
1167 1721 1204 1778 ts

153 1814 288 1881 oriretur,
303 1813 432 1888 reliquas
446 1813 544 1888 copias
558 1811 776 1887 equitatumque
796 1809 966 1868 transducit.
1009 1806 1087 1878 Ubii,
1101 1808 1152 1884 qui

155 1912 222 1960 ante
236 1902 348 1960 obsides
362 1901 511 1970 dederant,
524 1911 611 1976 atque
622 1900 650 1956 ιιι
662 1898 834 1958 deditionem
846 1908 993 1968 venerant,
1008 1896 1152 1975 purgandi

155 1993 202 2050 sui
224 2009 314 2049 causa
336 1990 372 2048 sd
396 2008 463 2048 eum
486 1991 597 2067 legatos
619 1990 742 2059 mittunt,
764 1990 815 2064 qui
837 1989 966 2058 doceant,
987 1989 1092 2063 Neque
1114 2005 1151 2046 ex

154 2099 210 2138 sua
233 2081 351 2138 civitate
373 2079 484 2137 auxilia
506 2080 536 2136 in
560 2077 699 2136 Treviros
723 2079 934 2155 missamque
956 2079 992 2136 ab
1012 2098 1043 2136 se
1064 2077 1151 2136 fidem

155 2169 285 2228 laesam:
306 2179 407 2246 petunt
421 2179 508 2245 atque
521 2177 613 2238 orant,
629 2168 669 2226 Ut
683 2168 737 2225 sibi
752 2178 861 2244 parcat,
875 2187 912 2225 ne
926 2167 1073 2226 communi
1087 2165 1152 2224 odio
1163 2171 1204 2230 20

155 2257 370 2317 Germanorum
383 2259 551 2316 innocentes
572 2277 625 2334 pro
644 2257 814 2316 nocentibus
836 2275 943 2334 poenam
962 2257 1105 2332 pendant:
1127 2257 1153 2314 si

156 2347 280 2424 amplius
304 2348 436 2405 obsidum
459 2347 538 2416 velit,
562 2347 631 2404 dere
656 2347 839 2423 pollicentur.
880 2345 1012 2420 Cognita,
1033 2345 1151 2412 Caesar,

155 2455 255 2508 causa,
271 2438 386 2514 reperit,
402 2438 438 2496 ab
461 2437 567 2496 Suevis
590 2437 700 2494 auxilia
720 2437 809 2492 missa
826 2454 899 2504 esse,
916 2434 1057 2492 Ubiorum
1070 2434 1151 2490 satis·

156 2527 311 2586 factionem
326 2529 448 2603 aceepit,
464 2527 558 2584 editus
573 2529 693 2603 viasque
707 2527 737 2582 in
751 2525 862 2582 Suevos
877 2523 1026 2598 perquirit.

198 2617 235 2676 X.
259 2617 379 2674 Interim
399 2617 501 2692 paucio
522 2627 584 2694 post
602 2616 705 2674 diebus
717 2615 750 2673 fit
764 2615 801 2670 ab
815 2611 898 2671 Ubiis
912 2611 1026 2680 certior,
1041 2607 1152 2668 Suevos
1163 2613 1205 2672 25

154 2725 254 2766 omnes
279 2725 370 2763 unum
393 2707 423 2762 in
445 2707 544 2764 locum
565 2707 664 2782 eopias
686 2721 799 2781 cogere,
815 2712 900 2778 atque
921 2701 958 2758 iis
978 2699 1151 2768 nationibus,

155 2815 232 2872 quae
246 2795 301 2854 sub
314 2810 415 2853 eorum
430 2796 487 2852 sint
501 2797 630 2872 imperio,
639 2794 826 2861 denunciare,
838 2792 878 2848 uti
890 2789 999 2848 auxilia
1009 2788 1153 2866 peditatus

155 2887 358 2962 equitatusque
373 2886 496 2942 mittant.
540 2885 595 2942 His
608 2883 731 2962 cognitis
745 2883 840 2952 rebus,
856 2899 918 2940 rem
932 2879 1152 2946 frumentariam

156 2974 295 3052 providet,
316 2975 420 3032 castris
441 2974 577 3032 idoneum
601 2973 698 3031 locum
723 2972 831 3048 deligit,
857 2971 940 3030 Ubiis
963 2971 1094 3048 imperat,
1120 2977 1153 3028 ut

156 3081 261 3140 pecora
275 3063 429 3133 deducant,
443 3081 556 3140 suaque
567 3065 666 3120 omnia
679 3081 715 3122 ex
730 3063 809 3140 agris
822 3063 852 3119 in
870 3061 974 3139 oppida
993 3061 1151 3132 conserant,
1164 3065 1204 3124 30
1228 3073 1230 3084 “

156 3169 284 3228 sperans,
301 3153 438 3210 barbaros
453 3163 538 3228 atque
553 3153 700 3228 imperitos
713 3153 852 3222 homines,
868 3153 963 3229 inopia
976 3153 1152 3212 cibariorum

157 3240 285 3311 afflictos,
311 3242 347 3299 ad
371 3242 501 3317 iniquom
527 3239 675 3319 pugnandi
699 3242 889 3300 conditionem
918 3261 1000 3319 possa
1026 3243 1150 3302 deduci:

156 3329 281 3400 mandat,
297 3339 329 3388 ut
353 3331 471 3389 crebros
492 3330 687 3406 exploratores
707 3331 737 3388 in
758 3333 869 3392 Suevos
883 3333 1003 3401 mittant,
1018 3347 1152 3408 quaeque

98 3441 116 3464 ι
157 3419 233 3495 apud
256 3437 305 3478 eos
332 3429 481 3497 gerantur,
507 3433 692 3497 cognoscant.
735 3421 782 3480 lili
810 3423 951 3500 imperata
979 3419 1098 3488 iaciunt,
1123 3427 1152 3476 et

157 3510 259 3586 paucis
275 3509 379 3568 diebus
391 3510 562 3568 intermissis
576 3509 715 3580 referunt,
724 3510 836 3568 Suevos
849 3527 957 3578 omnes,
967 3517 1152 3584 posteaquam
1165 3513 1204 3568 35

156 3599 294 3656 certiores
307 3600 408 3658 nuncii
422 3600 458 3658 de
472 3600 604 3658 exercitu
619 3597 815 3658 Romanorum
829 3597 970 3665 venerint,
980 3613 1049 3652 oum
1063 3593 1151 3651 omni.

156 3686 211 3744 bus
235 3689 298 3746 suis
321 3690 524 3766 sociorumque
550 3690 649 3766 copiis,
674 3707 748 3764 ques
774 3689 944 3764 coegissent,
974 3682 1093 3757 penitus
1115 3682 1152 3740 sd
1211 3728 1213 3733 ,

156 3785 300 3834 extremos
313 3777 386 3836 linea
397 3797 463 3836 sese
477 3779 639 3855 recepisse:
661 3778 767 3835 silvam
782 3795 845 3833 essa
859 3775 899 3830 ibi
914 3770 1027 3830 infinita
1040 3771 1152 3849 magni.

156 3863 267 3937 tudine,
281 3885 358 3944 quae
373 3867 537 3945 appellatur
551 3867 696 3928 Bacenis:
725 3866 802 3924 banc
822 3863 907 3941 longe
928 3861 1069 3922 introrsus
1086 3881 1152 3941 per.
