2844 4340
187 315 346 372 on.an
504 388 509 400 Ι
572 313 837 368 nrennssuumrus
1174 311 1235 372 108

188 457 265 514 nacti
279 454 421 532 captivos,
435 453 471 510 ab
485 453 530 510 bis
549 453 743 512 docebantur:
764 451 824 524 sed,
839 453 921 512 nulle
941 453 1182 517 ferramentorum

187 547 281 622 copie,
295 563 373 620 quae
387 551 454 600 sunt
469 541 505 615 ud
519 543 598 601 buno
620 561 705 602 nsum
720 543 830 613 idonee,
851 544 956 622 gladiis
975 547 1112 624 cespitem
1126 547 1181 606 cir-

188 633 364 704 cumcidere,
375 633 509 690 manibus
522 632 691 709 segulisqne
705 641 813 690 terrem
823 634 978 694 exhaurire
992 636 1180 714 cogebantur.

188 723 257 789 Quo
269 722 388 800 quidem
402 741 440 780 es
454 740 485 779 re
499 722 648 780 bominum
662 721 817 780 multitudo
835 725 970 802 cognosci
984 725 1091 802 potuit:
1112 743 1181 784 narn

188 814 284 870 minus
310 812 391 870 boris
412 812 506 870 tribus
525 811 650 868 millium
671 811 772 868 decem
796 812 826 870 in
847 813 971 873 circuitu
991 814 1212 876 munitionemll

188 901 389 979 perfecerunt:
412 899 588 976 reliquisque
609 899 711 958 diebus
732 910 827 960 turres
847 902 884 960 ed
898 902 1079 974 altitudinem
1099 904 1180 975 valli,

189 991 287 1062 sulces,
301 990 527 1066 testudinesque,
548 1006 621 1065 quas
646 989 731 1047 iidem
757 992 864 1068 captivi
889 991 1056 1064 docuerant,
1076 1011 1180 1070 parare

188 1100 223 1139 eo
238 1081 335 1138 lacere
350 1089 516 1157 coeperunt.

229 1169 338 1228 XLIII.
361 1169 490 1246 Septimo
511 1169 730 1245 oppugnationis
750 1169 806 1239 die,
827 1171 953 1228 maximo
972 1180 1068 1228 coorto
1086 1180 1179 1242 vento,

188 1258 333 1318 ferventes
347 1259 427 1318 suelli
441 1277 478 1318 ex
493 1257 597 1334 argilla
612 1257 733 1334 glandes
747 1257 852 1328 lundis,
867 1269 895 1316 et
911 1258 1069 1317 fervefacta
1079 1259 1181 1335 jaculo
1195 1265 1233 1322 lb

188 1351 217 1406 in
229 1367 324 1418 cosas,
338 1367 414 1424 quae
437 1344 518 1406 more
532 1347 647 1405 Gallico
666 1348 831 1404 stramentis
853 1358 936 1404 erant
956 1357 1061 1418 tectae,
1080 1349 1182 1424 jecere

187 1449 357 1516 coeperunt.
400 1437 466 1496 Hae
481 1437 615 1495 celeriter
629 1439 727 1514 ignem
748 1436 1035 1512 comprehenderunt,
1055 1447 1084 1496 et
1103 1437 1182 1496 venti

188 1528 386 1606 magnitudine
401 1529 431 1584 in
444 1545 559 1586 ornnem
569 1537 733 1586 castrorum
744 1525 842 1584 locum
852 1525 1035 1584 distulerunt.
1066 1525 1180 1598 Hostes,

189 1619 315 1676 maximo
335 1617 462 1676 clamore
483 1616 617 1686 insecuti,
631 1617 715 1691 quasi
739 1624 822 1692 parte
840 1615 902 1691 jem
925 1626 1013 1692 atque
1034 1617 1182 1694 explorata

188 1708 316 1777 victoria,
330 1716 427 1764 turres
448 1706 663 1780 testudinesque
686 1723 783 1782 egere,
805 1716 834 1763 et
854 1705 942 1764 scalis
956 1706 1066 1764 vallum
1080 1725 1179 1766 ascen·
1195 1713 1232 1772 lb

188 1797 257 1862 dere
271 1803 438 1872 coeperunt.
481 1796 613 1852 Attente
626 1795 750 1854 militurn
762 1796 854 1853 virtus
868 1805 954 1872 etque
968 1815 1001 1853 ea
1018 1797 1181 1874 praesentia

188 1885 356 1956 animi‘luit,
366 1896 406 1956 ut,
418 1903 510 1962 quum
524 1881 651 1960 undique
664 1887 782 1944 tlemma
796 1896 981 1957 torrerentur,
996 1889 1181 1964 meximeque

188 1975 310 2034 telorum
322 1974 508 2034 multitudiue
523 1985 732 2050 premerentur,
740 1995 853 2052 sueque
865 1978 963 2034 omnic
977 1977 1181 2054 impedimenta

187 2074 274 2140 atque
287 2083 390 2122 ornnes
402 2064 532 2122 fortunas
545 2064 724 2140 conflagrare
738 2065 942 2142 intelligerent,
962 2083 1019 2124 non
1034 2067 1116 2124 modo
1132 2065 1179 2123 de·

187 2154 330 2231 migrandi
343 2173 436 2212 ceuse
454 2152 490 2210 de
501 2151 579 2211 vallo
591 2150 744 2212 decederet
757 2173 850 2225 nemo,
862 2155 914 2214 sed
928 2175 1019 2232 paene
1033 2175 1070 2213 ne
1091 2155 1179 2232 respi-
1191 2163 1232 2220 20

187 2253 268 2301 cerct
281 2243 399 2319 quidem
412 2243 587 2319 qnisqucm;
611 2261 646 2300 ec
660 2252 720 2300 tum
739 2260 840 2302 omnes
861 2247 1001 2302 acerrime
1016 2245 1180 2304 fortissime-

185 2349 244 2409 que
259 2342 431 2409 pugnarent.
472 2331 532 2390 Hic
546 2327 607 2388 dies
620 2333 723 2390 nostris
737 2331 821 2409 longe
835 2333 1024 2408 grevissimus
1035 2333 1090 2392 suit
1098 2355 1107 2407 ;
1129 2334 1183 2392 sed

186 2432 284 2480 temen
308 2423 387 2480 huno
412 2421 521 2480 hebuit·
535 2430 683 2490 eventum,
708 2430 798 2479 uteo
822 2422 868 2478 die
889 2422 1036 2478 maximus
1056 2423 1181 2479 hostium

187 2527 329 2570 numerus
349 2510 552 2568 vulneraretur
576 2519 663 2586 etque
685 2510 898 2566 interficeretur
909 2528 918 2580 3
942 2518 974 2569 ut
993 2528 1025 2566 se
1046 2510 1101 2566 sub
1120 2510 1182 2585 ipso

187 2600 265 2659 vello
278 2601 520 2676 constipaverant,
535 2615 741 2673 recessumque
755 2598 856 2674 primis
870 2596 965 2654 ultimi
986 2615 1043 2654 non
1063 2597 1179 2654 debant.
1193 2607 1233 2666 a}

187 2689 315 2750 Paulum
337 2689 455 2766 quidem
478 2690 642 2746 Intermissa
669 2688 796 2756 flemme,
820 2696 850 2744 et
872 2685 997 2762 quodem
1021 2685 1085 2742 loco
1108 2687 1182 2754 turri

186 2780 292 2838 macta
306 2789 335 2838 et
352 2771 536 2854 contingente
551 2775 672 2848 vallum,
687 2777 790 2834 tertiae
805 2775 929 2834 cohortis
940 2775 1125 2834 centuriones
1145 2793 1181 2834 er

186 2889 231 2940 eo,
245 2889 305 2946 quo
317 2869 439 2938 stabam,
451 2868 514 2926 loeo
527 2877 720 2938 recesserunt,
729 2885 854 2942 suosque
867 2885 967 2924 omnes
977 2875 1179 2940 removerunt;

187 2969 261 3016 nutu
276 2959 452 3033 vocibusque
472 2957 576 3026 hostes,
591 2958 616 3014 si
630 2958 748 3016 introire
763 2955 880 3027 vellent,
895 2973 1000 3018 vocare
1012 2967 1181 3034 coeperunt,
1257 3025 1258 3030 η

185 3066 310 3123 quornm
325 3046 459 3124 progredi
473 3063 563 3104 ausus
577 3056 620 3106 est
634 3065 729 3105 nemo.
773 3045 852 3106 Tum
869 3049 996 3106 exomni
1010 3058 1091 3126 porte
1110 3047 1180 3125 lepi-
1193 3053 1232 3118 80

186 3137 272 3196 dibus
284 3136 425 3212 conjectis
439 3134 592 3205 deturbati,
603 3137 750 3211 turrisque
763 3155 907 3200 succense
920 3147 973 3196 est.

229 3225 339 3286 XLIV.
362 3224 456 3282 Erant
469 3225 500 3282 in
516 3243 552 3282 ea
566 3224 679 3301 legione
694 3225 839 3284 fortissimi
854 3227 916 3286 viri
923 3227 1115 3296 centuriones,
1130 3227 1181 3302 qui

185 3315 247 3391 jem
257 3315 363 3391 primis
382 3313 532 3388 ordinibus
552 3314 821 3390 appropinquarent,
837 3313 875 3372 T.
887 3315 980 3374 Pultio
993 3327 1022 3374 et
1035 3315 1072 3374 L.
1089 3315 1180 3372 Vere-

186 3423 255 3462 nus.
296 3403 338 3462 Hi
352 3413 508 3479 perpetuas
526 3402 601 3460 inter
613 3421 644 3462 se
665 3405 876 3462 controversias
895 3405 1047 3472 hebebant,
1062 3404 1182 3476 quinem

187 3491 400 3564 anteferretur3
421 3491 612 3568 ornnibusque
629 3494 711 3551 annis
725 3494 760 3552 de
775 3494 838 3552 loco
851 3495 973 3551 summis
987 3489 1182 3548 simultatibus
1194 3494 1233 3556 a}

189 3581 409 3640 contendebant.
452 3579 499 3638 Ex
513 3581 549 3638 iis
563 3579 666 3652 vulfio,
685 3603 776 3659 quum
798 3582 938 3641 acerrime
960 3579 995 3636 ed
1010 3577 1182 3634 munitiones

189 3668 379 3746 pugnaretur,
394 3669 474 3736 Quid
495 3669 618 3740 dubitas,
633 3671 734 3747 inquit,
750 3669 890 3728 Verenel
913 3678 963 3724 sut
983 3683 1070 3740 quem
1084 3663 1182 3723 locum

185 3759 351 3838 prebendae
364 3760 477 3818 virtutis
490 3768 558 3818 tuae
573 3760 708 3834 spectesl
731 3760 788 3826 hic,
804 3757 852 3814 hio
865 3755 928 3812 dies
942 3754 977 3811 de
991 3753 1094 3810 nostris
1114 3771 1180 3819 oon.

187 3849 334 3908 troversiis
348 3847 499 3924 jndiosbit.
540 3846 626 3908 Haec
639 3865 730 3923 quum
744 3846 870 3918 dixisset,
882 3841 1009 3920 procedit
1022 3852 1105 3902 extra
1118 3861 1181 3908 mu.
