2814 4334
217 283 279 344 168
506 249 511 258 ’
535 363 538 370 Δ
571 295 615 342 nn
632 290 737 342 nunno
754 293 898 344 caturco
1107 293 1251 350 tuusne

266 443 322 503 tus,
334 448 370 492 ex
379 417 659 516 oppidoegreditur;
676 451 693 492 a
707 433 810 490 castris
820 430 977 508 longurios,
988 431 1147 504 musculos,
1158 432 1258 509 falces,
1333 451 1337 462 ·

266 524 444 600 reliquoque,
455 539 534 600 quae
542 523 700 598 eruptionis
714 541 805 582 cause
816 529 980 598 paraverat,
992 519 1111 598 profert.
1144 524 1257 602 Pugne-

265 621 313 670 tur
328 631 383 670 uno
397 622 524 688 tempore
535 612 668 671 omnibus
682 611 755 670 locis
764 612 878 680 acriter,
890 621 977 686 atque
987 613 1085 668 omnia
1099 623 1255 672 tentantur.

262 700 333 766 Quo
347 701 464 760 minime
480 702 542 758 visa
556 719 623 777 pers
637 699 722 758 firme
735 710 788 769 est,
804 701 862 764 huc
876 701 1071 774 concurritur.
1114 701 1278 761 Romsnoae·
1318 713 1326 722 ”

230 793 329 848 buum
344 809 447 850 munias
461 791 548 850 tentis
562 789 770 848 munitionibus
780 789 942 858 distinetur,
953 807 1008 848 neo
1024 787 1257 871 iacilepluribus

262 880 334 940 louis
346 882 483 940 occurrit.
526 865 652 939 Multum
673 879 709 936 ad
730 879 877 938 terrendos
898 889 1008 936 nostros
1023 879 1115 941 veluit
1135 879 1255 950 clamor,

261 972 313 1045 qni
333 976 395 1047 post
414 981 529 1047 tergum
552 968 749 1046 pugnantibus
769 969 886 1037 exsutit,
901 967 978 1044 quod
992 986 1078 1028 suum
1093 968 1256 1044 pericnlum

261 1061 291 1116 ln
306 1061 401 1119 aliena
415 1061 512 1120 vident
527 1061 632 1118 virtute
654 1059 830 1118 consistere:
852 1059 950 1116 omnia
972 1059 1049 1116 enirn
1073 1059 1254 1138 plerumque,

237 1195 243 1206 .
260 1167 336 1224 quse
351 1149 464 1219 absunt,
480 1149 680 1209 vehementius
693 1147 844 1206 bominum
858 1157 968 1206 mentes
983 1147 1160 1224 perturbant.

205 1243 248 1298 to
301 1235 471 1298 LXXXV.·
497 1237 607 1298 Caesar
625 1237 759 1296 idoneum
773 1238 875 1296 locum
885 1247 997 1306 nectus,
1011 1237 1080 1312 quid
1092 1255 1211 1314 qunque
1224 1241 1256 1296 in

225 1335 228 1343 ’
261 1338 341 1402 parte
368 1338 496 1405 geratur,
522 1328 677 1406 cognoscit,
706 1320 903 1385 laborantibus
920 1327 1075 1384 *auxilium
1101 1327 1253 1386 submittit.

260 1415 398 1493 Utrisque
421 1418 460 1478 ed
478 1419 608 1476 animum
628 1417 764 1487 occurrit,
782 1435 873 1476 unum
892 1416 964 1474 illud
982 1435 1045 1475 esse
1059 1425 1182 1492 tempus,
1197 1429 1255 1494 quo

260 1507 386 1567 menime
405 1507 540 1567 contendi
562 1507 724 1566 conveniat
767 1506 856 1576 Galli,
871 1507 927 1564 nisi
948 1503 1138 1582 perfregerint
1160 1509 1252 1564 muni·

259 1596 359 1664 tiones,
374 1595 501 1654 deornni
516 1597 611 1654 salute
624 1596 795 1672 desperant:
811 1595 944 1664 Romani,
953 1596 978 1652 si
994 1612 1055 1654 rem
1067 1591 1253 1668 obtinuerint,

209 1687 246 1742 lb
259 1683 347 1743 tinem
367 1686 506 1746 uoniam,
519 1683 652 1744 laborum
673 1695 853 1762 exspectent.
893 1683 1020 1742 Maxime
1039 1684 1077 1740 ad
1090 1687 1253 1762 superiores

258 1773 431 1833 munitiones
453 1773 609 1842 laboratur,
631 1793 689 1850 quo
711 1773 971 1851 Vergasillnunum
995 1774 1114 1832 missurn
1137 1774 1251 1837 demon·

257 1862 423 1919 stravimus.
466 1862 616 1938 Exiguum
628 1864 684 1922 loci
693 1863 729 1922 ed
741 1864 935 1922 declivitatem
952 1861 1098 1940 festigium
1112 1883 1252 1942 nngnum

254 1951 343 2012 babet
357 1963 543 2030 momentum.
586 1951 652 2012 Alii
659 1953 722 2011 telo
736 1954 913 2029 conjiciunt3
930 1953 989 2023 alii,
1006 1953 1147 2012 testudine
1163 1949 1250 2026 Iucu,

256 2041 402 2113 subeunt3
424 2039 589 2117 defatigatis
603 2043 728 2102 invicem
747 2043 852 2118 integri
872 2041 1043 2103 succedunt.
1086 2045 1199 2122 Agger,
1215 2048 1250 2104 ab

202 2135 244 2191 20
258 2132 401 2190 universis
422 2133 452 2193 in
474 2133 663 2194 munitionem
687 2133 887 2208 conjecisset
909 2151 1063 2195 mensmu
1083 2133 1131 2194 dat
1146 2135 1249 2208 Gallis,

256 2231 285 2280 et
306 2241 351 2292 ca,
365 2241 441 2306 quae
463 2224 493 2280 in
516 2233 624 2282 terram
645 2223 864 2284 occultaverant
879 2222 1013 2294 Romam,
1028 2225 1172 2302 contegit:
1194 2245 1250 2288 neo
1301 2271 1306 2284 .

252 2311 314 2388 jsnt
329 2331 411 2372 erma
424 2313 536 2383 uostris,
552 2333 606 2372 neo
621 2314 698 2373 vires
711 2323 877 2390 suppetunt.
942 2373 943 2378 ,

295 2401 464 2464 LXXXVI.
505 2403 562 2464 His
590 2403 676 2460 rebus
705 2403 837 2478 cognitis,
858 2402 968 2463 Cscsnr
991 2400 1156 2464 Labienum
1179 2423 1248 2470 curn

254 2495 419 2557 cohortibus
433 2511 465 2553 vr
487 2493 614 2555 subsidio
636 2491 835 2550 laborantibus
860 2491 964 2553 minit:
986 2493 1117 2572 imporat,
1139 2498 1164 2554 si
1187 2517 1247 2556 sus-

200 2589 241 2648 25
254 2589 344 2646 tinere
365 2605 424 2648 non
444 2588 540 2664 possit,
555 2583 685 2642 deductis
708 2583 873 2668 cohortibus
892 2585 1041 2662 eruptione
1056 2599 1186 2662 pugnet3
1210 2589 1247 2658 id,

253 2679 309 2737 nisi
316 2679 494 2744 necessario,
510 2695 547 2734 ne
562 2673 658 2732 sociat.
702 2671 766 2748 Ipse
782 2673 842 2732 edit
856 2673 1000 2750 reliquos3
1022 2675 1199 2747 cohortatur,
1211 2697 1247 2736 ne

253 2765 343 2827 labori
358 2768 570 2836 succumbant5
585 2764 721 2822 ¹omnium
741 2763 922 2839 superiorum
936 2763 1155 2830 dimIoationum
1170 2765 1246 2829 irno-

228 2866 315 2920 „tum
337 2857 366 2912 in
388 2875 423 2912 eo
444 2855 490 2910 die
509 2864 597 2930 etque
617 2854 687 2912 hore
700 2851 783 2910 docet
797 2852 962 2913 consistere
1005 2853 1169 2926 Interiores,
1184 2857 1245 2915 des·
1280 2838 1284 2853 ⁵

253 2945 359 3015 peratis
372 2943 579 3017 ommnribus
592 2943 666 3002 loeis
677 2954 791 3020 propter
802 2942 1031 3018 magnitudinem
1043 2945 1245 3018 munitionum,

200 3033 240 3096 ω
252 3030 317 3089 loca
331 3040 485 3104 praerupta
498 3049 536 3086 es
550 3051 673 3092 escensu
687 3041 816 3092 tentam:
839 3032 898 3091 hnc
912 3052 957 3102 ca,
969 3051 1045 3109 quse
1060 3049 1245 3112 peraversut,

250 3116 421 3182 conserunt:
455 3117 637 3180 multitudine
663 3121 787 3190 telorum
815 3141 851 3180 ox
876 3123 1005 3182 turribus
1030 3137 1246 3204 propugnantes

250 3206 422 3264 deturbant:
443 3224 552 3281 aggero
574 3218 603 3264 ct
625 3211 754 3268 cratibus
775 3211 866 3270 fossas
879 3213 1005 3288 explent,
1021 3213 1116 3282 aditus
1129 3217 1243 3294 expedi·

251 3309 302 3358 unt
313 3319 327 3357 :¹
343 3297 466 3356 falcibus
480 3297 590 3356 vallum
605 3317 641 3358 eo
653 3301 773 3362 lorioam
789 3304 964 3366 rescindunt.

289 3385 471 3448 LXXXVII.
514 3386 622 3447 Caesar
649 3391 735 3450 mittit
761 3394 852 3469 primo
878 3393 1004 3460 brutum
1032 3378 1243 3458 adolescentem

198 3487 236 3544 85
249 3495 325 3540 cum'
340 3479 503 3538 cohortibus
517 3495 558 3546 vr,
575 3489 644 3553 post,
660 3498 727 3540 cunr
749 3483 814 3540 aliis
828 3501 882 3552 vn,
897 3484 932 3549 C.
942 3483 1074 3544 uantum
1095 3475 1241 3564 legatum:

249 3582 390 3647 postremo
413 3570 482 3644 ipse,
497 3585 588 3643 quum
602 3568 802 3628 vehementibs
824 3584 1012 3650 pugnaretur,
1028 3575 1156 3650 Integros
1176 3578 1241 3636 snb-

248 3661 320 3718 sidio
334 3659 460 3718 adducit.
504 3657 647 3716 Restituto
660 3658 779 3734 proelio,
794 3677 830 3718 ao
842 3663 965 3738 repulsis
980 3663 1118 3734 hostibus,
1130 3684 1174 3736 eo,
1186 3685 1242 3742 quo

249 3745 413 3806 Labienum
434 3749 559 3818 miserat,
574 3747 740 3820 contendit,
764 3749 894 3807 cohortes
916 3767 949 3809 ιν
969 3770 1006 3809 ex
1028 3754 1159 3828 proeium
1180 3774 1241 3816 oes-

173 3867 176 3870 -
249 3832 318 3890 tello
343 3833 461 3907 sduoit3
490 3838 621 3912 equitnm
636 3856 676 3896 -se
700 3845 812 3911 portem
837 3839 929 3912 ssqni,
951 3849 1062 3916 partem
1083 3841 1242 3902 circumitu
