2804 4312
190 274 235 336 46
545 237 590 326 ltu
611 277 717 326 BELLO
734 277 878 328 Gannico
1085 279 1152 331 [car.
1163 284 1235 327 rr-u.

285 419 337 478 Xl.
360 416 408 478 Ea
422 437 452 476 rc
466 418 628 486 consituta,
643 415 772 474 monada
786 415 888 494 vigilia
903 435 1008 494 magno
1027 432 1095 473 cum
1115 418 1236 494 strepitu

235 528 279 568 eo
293 508 420 567 tumultu
434 509 538 566 castris
546 508 670 584 egressi,
685 507 766 564 nullo
780 517 859 564 certo
879 505 980 564 ordine
995 523 1091 582 neque
1105 507 1234 582 imperio,

242 615 333 674 quum
348 599 402 656 sibi
417 599 545 674 ¹quisque
560 598 685 673 primum
706 597 817 654 itineris
836 596 934 653 locum
954 605 1063 673 peter-et
1077 604 1106 654 et
1119 596 1235 654 domum

243 689 394 762 pervenire
413 696 588 763 properaret,
605 685 744 754 fecerunt,
761 694 792 744 ut
813 686 971 743 masimilis
992 685 1079 762 fugae
1099 685 1236 762 profectio

211 776 398 836 brideretur.
441 775 507 834 Hac
529 795 560 834 re
581 776 677 834 statim
697 775 807 838 Caesar
821 793 873 851 per
890 775 1089 854 speculatores
1109 777 1234 853 cognita,

243 867 361 925 iusidias
389 867 506 935 veritus,
529 865 614 940 quod,
637 864 756 941 quade
780 883 871 923 causa
895 865 1084 934 discederent,
1107 865 1234 924 nondum

243 967 436 1034 perspexerat,
448 957 609 1014 exercitum
619 956 837 1031 equitatumque
848 956 950 1016 castris
960 956 1110 1013 continuit.
1136 955 1235 1014 Prima

237 1044 318 1114 ‘luca
333 1047 503 1104 confirmata
518 1064 549 1102 re
568 1045 605 1101 ab
619 1045 857 1120 exploratoribus,
872 1063 985 1102 omnem
999 1046 1169 1120 equitatum,
1183 1047 1234 1121 qui

241 1136 429 1194 novissimum
454 1153 558 1212 agmen
581 1144 751 1205 moraretur,
767 1136 924 1210 praemisit.
967 1135 1022 1192 His
1042 1135 1081 1200 Q.
1102 1135 1233 1206 Pedium,

192 1225 228 1282 10
242 1233 271 1282 et
283 1223 320 1282 L.
334 1225 572 1286 Aurunculeium
582 1225 695 1282 (inuam
709 1225 819 1301 legatos
834 1222 983 1301 praefecit.
1017 1224 1055 1282 T.
1070 1223 1234 1282 Labienum

242 1311 371 1390 legatum
385 1329 453 1372 cum
468 1315 632 1392 legionibus
652 1314 745 1372 tribus
759 1314 896 1390 subsequi
912 1315 1008 1390 jussit.
1044 1315 1101 1385 Hi,
1116 1315 1234 1374 novissi-

240 1421 302 1462 mos
316 1404 407 1464 adorti
421 1415 449 1462 et
464 1405 555 1462 multa
566 1405 657 1462 millia
672 1423 809 1480 passuum
824 1405 978 1480 prosecuti,
991 1423 1126 1481 magnam
1139 1405 1234 1462 multi-

240 1493 369 1552 tudinem
393 1511 495 1551 eorum
517 1493 690 1569 fugientium
712 1493 909 1562 conciderunt,
931 1513 1023 1568 quum
1045 1494 1082 1550 ab
1106 1505 1236 1552 extremo

241 1583 366 1657 agmine,
378 1581 418 1639 ‘ad
430 1592 642 1656 quaerentum
657 1591 727 1649 erat,
743 1581 940 1650 consisterent,
956 1580 1123 1656 fortiterque
1144 1584 1234 1659 impe·

190 1666 227 1726 15
240 1679 302 1726 tum
316 1680 478 1728 nostrorum
493 1671 617 1728 militum
632 1671 823 1742 sustinerent3
847 1671 1014 1746 prioresque
1028 1669 1116 1746 (quod
1131 1672 1234 1730 abesse

241 1759 403 1834 epericulo
417 1758 594 1827 riderentur,
607 1771 704 1834 neque
725 1758 786 1814 ulla
807 1759 977 1816 necessitate
998 1753 1093 1834 neque
1114 1761 1235 1836 imperio

240 1845 479 1922 connumeratae)
491 1847 625 1904 exaudito
639 1847 775 1917 claruere,
785 1848 959 1924 perturbatis
969 1847 1125 1919 ordinibus,
1134 1863 1235 1910 omnes

240 1938 270 1994 in
284 1935 355 2013 fuga
368 1936 423 1994 sibi
437 1931 612 2013 praesidium
627 1947 776 2012 ponerent.
812 1936 856 1996 lta
875 1937 1014 1996 sine'ullo
1028 1940 1158 2016 periculo
1171 1951 1233 1998 tan-

239 2036 298 2084 tam
318 2045 419 2085 eorum
441 2025 654 2084 multitudinem
674 2028 764 2088 nestri
784 2027 1002 2100 interfecerunt,
1017 2041 1158 2106 quantum
1180 2029 1235 2090 fuit

186 2115 296 2176 aodiei
320 2117 463 2193 spatium3
496 2117 551 2176 sub
575 2137 770 2195 occasumque
798 2117 866 2178 solis
890 2119 1067 2190 destiterunt,
1090 2139 1178 2198 seque
1203 2124 1233 2180 in

239 2215 344 2276 castra,
360 2217 392 2287 ut
404 2216 469 2266 erat
482 2208 664 2284 imperatum,
681 2219 863 2286 receperunt.

280 2294 346 2354 XII.
378 2295 516 2354 Postridie
537 2297 602 2374 ejus
623 2297 680 2354 diei
702 2297 819 2369 Caesar,
849 2299 1017 2376 priusquam
1038 2319 1070 2358 se
1089 2301 1182 2361 hostes
1195 2321 1233 2360 ex

239 2395 347 2445 terrore
362 2406 397 2444 ac
412 2385 483 2464 fuga
497 2388 667 2464 reciperent,
683 2388 713 2446 in
733 2388 806 2446 fines
826 2389 1024 2459 Suessionum,
1039 2390 1090 2466 qui
1111 2393 1233 2466 proximi

99 2550 102 2560 Ι
239 2474 450 2548 Remiserunt,
466 2471 628 2537 exercitum
646 2477 737 2548 duxit,
752 2488 782 2536 et
799 2497 904 2556 magno
924 2479 1027 2537 itinere
1047 2479 1178 2538 consecto
1196 2481 1233 2538 ad

186 2566 374 2643 eboppidum
398 2565 605 2628 Noviodunum
628 2567 782 2626 contendit.
800 2565 858 2627 „ld
881 2587 918 2626 ex
941 2569 1043 2628 itinere
1065 2589 1232 2646 oppugnare

238 2667 368 2726 conatus,
383 2657 459 2734 quod
473 2675 602 2716 vacuum
616 2659 653 2716 ab
667 2657 867 2716 defensoribus
881 2679 944 2718 esse
960 2659 1103 2729 audiebat,
1119 2670 1233 2737 propter

238 2744 419 2804 latitudinem
430 2745 532 2817 mesae,
545 2748 678 2822 murique
690 2747 879 2818 altitudinem,
892 2751 994 2825 paucis
1004 2748 1231 2820 defendentibus,

238 2851 407 2910 expugnare
427 2853 484 2898 unu
498 2838 599 2910 potuit.
640 2837 750 2895 Castris
765 2839 892 2908 munitis,
907 2839 1009 2897 vineas
1031 2857 1128 2916 agere,
1143 2858 1230 2914 quae·
1263 2824 1267 2834 ⁵

238 2939 296 2996 que
311 2921 347 2978 ad
360 2924 586 2998 oppugnandum
600 2927 772 2996 uenierunt,
788 2945 957 3004 comparare
972 2930 1075 3005 coepit.
1113 2928 1232 2990 Interim

186 3010 331 3074 momnis
350 3027 388 3066 err
411 3009 482 3087 fuga
502 3011 691 3072 Suessionum
714 3017 867 3078 multitudo
888 3018 917 3074 in
939 3017 1076 3094 oppidum
1100 3019 1232 3094 proxima

238 3107 322 3156 nocta
344 3100 488 3156 convenit,
518 3101 669 3162 -Celeriter
691 3107 783 3164 vineis
805 3107 840 3164 ad
863 3108 999 3184 oppidum
1022 3108 1104 3178 actis,
1124 3127 1231 3185 aggere

234 3186 323 3262 jacto,
329 3187 515 3264 turribusque
523 3193 693 3262 consumtis,
704 3196 1043 3274 magnitudine-operum,
1051 3215 1126 3274 quae
1137 3215 1231 3272 neque

238 3274 370 3334 viderant
384 3287 449 3335 ante
461 3278 540 3336 Gelli
554 3297 649 3356 neque
660 3283 820 3354 audierant,
832 3295 861 3343 et
873 3287 1022 3348 celeritate
1034 3285 1232 3345 Romanorum

238 3366 367 3442 permoti,
380 3365 489 3444 legatos
503 3367 539 3426 ad
553 3368 709 3429 Caesarem
723 3373 758 3430 de
772 3373 914 3432 deditione
925 3375 1059 3450 mittuut;
1082 3386 1119 3446 et,
1135 3385 1231 3453 peten-

134 3472 136 3477 ·
186 3465 224 3522 35
237 3456 314 3514 tibus
328 3455 486 3526 Raetiam
499 3470 749 3531 conservarentur,
765 3463 928 3538 impetrant
1291 3537 1295 3544 Ι

279 3545 359 3604 Xlll.
381 3546 500 3619 Caesar,
520 3548 671 3607 obsidibus
703 3553 839 3627 acceptis,
863 3555 964 3630 primis
991 3557 1117 3614 civitatis
1145 3567 1232 3633 atque

237 3635 328 3711 ipsius
343 3635 455 3695 Galbae
467 3639 544 3714 regis
554 3637 667 3698 duobus
681 3639 757 3710 liliis,
770 3643 917 3719 armisque
932 3647 1065 3704 omnibns
1079 3666 1116 3704 ex
1129 3646 1232 3722 oppido

236 3723 357 3794 cadius,
372 3725 403 3782 in
424 3725 597 3788 deditionem
620 3728 790 3789 Suessiones
820 3735 942 3811 accepit,
957 3737 1176 3810 exercitumque
1201 3737 1231 3806 in

238 3809 410 3874 Bellovacos
421 3815 512 3876 duxit.
554 3818 616 3884 Qui
630 3837 721 3896 quum
743 3841 774 3880 ae
791 3820 909 3899 'suaque
928 3825 1026 3884 omnia
1040 3825 1075 3882 in
1094 3825 1230 3902 oppidum
