2826 4336
195 261 255 322 142
554 267 598 314 uu
616 265 721 314 catto
740 264 882 312 cantico
1088 261 1236 316 [cnam

245 418 351 466 matres
365 407 492 466 farniliae
507 412 623 481 repente
637 403 667 459 in
679 403 829 478 publicum
840 410 1055 478 procurrerunt,
1067 400 1236 472 flentesque,

245 496 387 573 projectae
403 496 438 554 ad
452 495 539 572 pedes
552 510 680 560 suorum,
698 491 830 548 omnibus
845 492 980 568 precibus
994 491 1143 567 petierunt,
1153 507 1190 544 ne
1202 499 1237 543 'se

244 596 272 642 et
294 602 463 644 communes
484 583 589 640 liberos
611 581 740 637 hostibus
761 579 797 636 ad
817 580 992 656 supplicium
1006 579 1149 648 dederent,
1164 595 1238 652 quos

244 674 280 731 ad
294 672 463 749 capiendam
479 671 579 749 fugam
600 679 722 727 naturae
744 678 772 726 et
786 670 896 726 virium
910 670 1062 728 infirmitas
1074 667 1236 743 Impedirct.

213 761 302 828 bUbi
323 781 372 823 eos
394 765 424 820 iu
446 761 587 819 sententia
610 768 739 834 perstare
753 759 896 829 viderunt,
918 758 993 834 quod
1011 759 1186 835 plerumque
1208 757 1238 814 ia

245 869 358 910 summo
373 851 502 927 periculo
515 851 600 906 timor
615 848 841 906 misericordiam
854 867 911 906 non
924 849 1033 924 recipit,
1045 847 1246 922 conclamare,

245 950 274 998 et
287 941 453 1014 significare
468 939 503 996 de
519 938 589 1014 fuga
609 938 748 995 Romanis
770 948 937 1013 coeperunt.
979 938 1046 1002 Quo
1059 937 1160 994 timore
1175 954 1238 1012 pcr-

245 1031 335 1086 territi
350 1029 438 1098 Gelli,
454 1047 490 1085 ne
506 1029 542 1085 ab
556 1029 685 1104 equitatu
701 1027 898 1085 Romanorum
913 1029 978 1084 viae
993 1043 1238 1103 praeoccuparen-

245 1128 302 1186 tur,
318 1119 437 1176 consilio
451 1119 630 1175 destiterunt.

196 1213 233 1269 10
287 1207 411 1266 XXVII.
453 1207 569 1265 Postero
595 1207 641 1264 die
670 1207 788 1276 Caesar,
810 1217 942 1283 promota
962 1207 1045 1276 turri,
1067 1205 1238 1280 directisque

246 1298 388 1374 operibus,
412 1317 488 1374 quae
513 1295 610 1354 facere
632 1297 802 1367 instituerat,
827 1315 932 1374 magno
952 1306 1048 1354 coorto
1068 1295 1161 1363 imbri,
1183 1311 1239 1352 non

228 1437 230 1444 .
246 1387 379 1445 inutilem
401 1388 478 1444 hauc
492 1386 527 1443 ad
543 1386 716 1462 capiendum
737 1385 891 1443 consilium
910 1394 1107 1461 tempestatem
1121 1384 1238 1440 arbitra-

247 1484 302 1546 tus,
318 1476 394 1552 quod
415 1475 502 1551 paulo
522 1475 668 1532 incautius
689 1475 833 1531 custodias
852 1475 882 1530 in
902 1493 986 1530 muro
1000 1473 1149 1549 dispositas
1163 1472 1238 1529 vide-

246 1563 303 1632 bat,
318 1583 385 1620 suos
405 1581 518 1638 quoquc
539 1562 705 1637 languidius
725 1563 755 1618 in
775 1581 862 1637 opere
877 1563 988 1620 versari
1006 1563 1102 1639 jussit,
1118 1571 1155 1632 et,
1170 1561 1239 1637 quid

196 1655 232 1710 la
246 1650 309 1706 fieri
320 1651 413 1718 vellet,
426 1650 557 1706 ostendit.
580 1649 725 1726 Legiones
737 1651 812 1707 intra
822 1651 960 1707 vincesis
971 1652 1085 1708 occulto
1094 1651 1240 1726 expeditas

245 1737 419 1806 cohortatur,
432 1747 463 1793 ut
474 1737 628 1811 aliquando
642 1755 692 1811 pro
707 1739 794 1794 tantis
805 1739 951 1794 laboribus
963 1737 1090 1795 fructum
1102 1741 1240 1797 victoriae

245 1826 443 1900 perciperent:
472 1825 526 1893 his,
548 1826 598 1899 qui
624 1825 708 1898 primi
735 1843 852 1881 murum
880 1826 1085 1896 ascendissent,
1112 1830 1241 1902 praemia

245 1913 397 1989 proposuit,
413 1912 610 1988 militibusque
624 1913 741 1987 signum
754 1912 841 1969 dedit.
884 1913 930 1971 Illi
945 1915 1040 1972 subito
1054 1933 1091 1970 ex
1106 1919 1242 1976 omnibus

245 2001 374 2078 partibus
387 2001 583 2070 evolaverunt,
599 2019 773 2076 murumque
787 2002 922 2059 celeriter
935 2003 1163 2079 compleverunt.

192 2093 232 2148 20
286 2089 423 2148 XXVIII.
465 2089 578 2158 Hostes,
601 2107 632 2148 re
661 2108 736 2146 nova
768 2092 920 2167 perterriti,
944 2111 1028 2150 muro
1052 2095 1240 2171 turribusque

244 2175 357 2254 dejeotl,
372 2180 403 2236 in
426 2177 485 2236 loro
507 2198 542 2236 ac
563 2179 634 2238 locis
656 2181 862 2256 patentioribus
881 2183 1028 2239 cuneatim
1042 2185 1238 2254 constiterunt,
1341 2191 1342 2194 ’

244 2268 299 2326 hoc
321 2270 424 2338 animo,
441 2277 481 2338 ut,
495 2270 523 2326 si·
540 2287 598 2346 qua
619 2289 654 2328 ex
670 2279 750 2344 parte
764 2271 877 2327 obviarn
892 2280 991 2329 contra
1007 2274 1162 2342 veniretur,
1177 2274 1240 2332 acie

244 2359 387 2416 instructa
400 2357 608 2436 depugnarent.
651 2359 709 2418 Ubi
724 2361 869 2416 nemiuem
884 2361 914 2417 iu
929 2377 1055 2436 aequum
1069 2362 1165 2420 locum
1176 2383 1239 2421 sese

159 2521 164 2530 .
245 2447 404 2520 demittere,
415 2449 464 2506 scd
478 2458 534 2506 toto
549 2449 675 2524 undique
690 2467 773 2506 muro
787 2448 982 2508 clrcumt'undi
993 2450 1134 2520 viderunt,
1146 2453 1238 2520 veriti,

193 2547 232 2606 25
246 2557 283 2596 ne
297 2539 412 2596 omnino
426 2557 490 2614 spes
505 2536 592 2614 fugae
605 2537 763 2608 tolleretur,
776 2539 896 2614 abjectis
907 2540 1003 2610 armis,
1017 2539 1133 2598 ultimas
1144 2541 1239 2617 oppidi

247 2639 342 2705 partes
364 2628 521 2686 continenti
543 2629 652 2704 impetu
675 2629 857 2704 petiverunt:
880 2647 1004 2704 parsque
1022 2630 1069 2699 ibi,
1085 2647 1175 2706 quum
1190 2649 1238 2686 an-

246 2727 331 2794 gusto
345 2729 491 2794 portarum
505 2719 585 2775 exitu
597 2718 693 2794 seipsi
707 2727 878 2794 premerent,
889 2737 907 2774 a
918 2718 1057 2776 militibus
1068 2739 1075 2790 ;
1094 2737 1168 2796 pars,
1177 2720 1239 2796 jam

246 2823 364 2882 egressa
378 2809 474 2882 portis,
491 2807 527 2862 ab
541 2808 686 2882 equitibus
700 2817 743 2863 est
757 2801 924 2865 interfecta:
940 2826 994 2864 nec
1009 2806 1062 2865 tuit
1076 2809 1238 2884 quisquam,

246 2894 297 2966 qui
308 2894 579 2966 pracdae'studeret.
597 2924 599 2930 ·
622 2895 671 2953 Sic
683 2905 712 2952 et
724 2895 889 2954 Ganabensi
900 2897 989 2954 caede
1001 2907 1029 2954 et
1040 2897 1137 2954 labore
1146 2900 1239 2973 operis

194 2979 365 3048 sciscitati,
382 2997 438 3036 non
461 2991 553 3039 aetate
576 2983 724 3055 confectis,
740 3003 796 3042 nou
818 2985 996 3056 mulieribus,
1012 3005 1068 3044 non
1082 2983 1240 3044 infantibus

245 3077 447 3142 pepercerunt.
490 3067 623 3147 Denique
638 3075 767 3131 exomni
782 3094 815 3132 eo
834 3093 963 3146 numero,
978 3077 1028 3150 qui
1050 3075 1104 3132 fuit
1124 3077 1240 3133 circiter

243 3171 284 3212 arr.
299 3153 432 3224 millium,
448 3156 496 3212 vix
511 3175 590 3228 uoco,
605 3162 656 3235 qui
678 3163 769 3237 primo
789 3164 915 3222 clamore
930 3164 1026 3222 audito
1040 3185 1071 3222 se
1085 3184 1122 3223 ex
1134 3165 1237 3241 oppido

245 3243 400 3320 ejecerant,
411 3245 570 3303 incolumes
582 3248 618 3304 ad
628 3249 897 3329 VercIngetorigem
912 3264 1114 3329 pervenerunt.
1157 3255 1239 3319 Quos

245 3333 304 3404 ille,
316 3332 406 3390 multa
418 3333 478 3408 jam
494 3343 584 3405 nocte,
595 3337 710 3396 silentio
724 3359 759 3396 ex
775 3339 845 3418 fuga
855 3343 977 3418 excepit,
990 3344 1120 3420 (veritus,
1132 3360 1240 3419 nequa

195 3425 276 3489 abiu
299 3423 402 3479 castris
426 3441 462 3479 ex
487 3441 587 3480 eorum
611 3445 756 3486 concursu
776 3441 804 3487 et
826 3431 1024 3490 misericordie
1038 3433 1119 3508 vulgi
1140 3433 1239 3490 seditio

245 3511 392 3590 oriretur,)
408 3522 447 3581 ut,
463 3512 565 3588 procul
580 3513 610 3569 in
624 3515 672 3571 via
686 3515 828 3593 dispositis
842 3518 1034 3580 familiaribus
1053 3523 1114 3578 suls
1134 3523 1238 3598 princi-

246 3602 388 3682 pibusque
398 3602 557 3669 ciritatum¹
570 3601 764 3678 disparandos,
777 3606 1016 3685 deducendosque
1028 3610 1064 3666 ad
1075 3629 1142 3668 suos
1155 3629 1238 3668 cura-

246 3699 298 3759 ret,
312 3709 388 3765 quac
402 3692 508 3767 cuique
522 3691 632 3750 ciuitati
646 3711 713 3769 pars
726 3705 887 3754 castrorum
902 3697 938 3754 ab
952 3699 1032 3756 Initio
1046 3699 1210 3759 obvenerat.

287 3776 395 3836 XXIX.
419 3779 535 3840 Postero
549 3779 595 3839 die
610 3782 733 3842 concilio
751 3795 918 3856 convocato,
932 3788 1096 3848 consolatus
1109 3788 1238 3848 cohone-
