2830 4326
180 265 222 326 80
535 273 578 318 DE
596 272 701 318 BELLO
719 268 862 318 albuco
1062 273 1128 328 [Cu.
1138 279 1216 330 ³⁶,st

230 409 378 480 haberent,
394 412 540 468 voluntate
561 408 626 484 ejus
646 406 766 465 reddere
787 407 845 466 11118
865 408 986 481 liceret3
1009 428 1084 468 nave
1099 411 1219 470 Aeduos

231 500 338 576 injuria
353 499 516 565 lacesseret,
537 516 613 556 neve
634 499 678 556 his
699 498 821 556 sociisve
842 517 943 556 eorum
963 499 1073 559 beilum
1085 501 1218 560 inferret.

230 589 262 648 Si
276 589 305 646 id
319 589 359 646 ita
372 587 494 656 fecisset,
509 588 564 644 sibi
578 586 744 662 Populoque
758 587 889 646 Romano
910 600 1080 665 perpetuam
1094 592 1218 667 gratiam

231 689 316 755 atque
339 677 495 734 amicitiam
517 695 585 734 cum
606 695 641 734 eo
664 675 806 734 futurem:
827 678 923 736 sinon
943 680 1120 757 impetraret,
1144 699 1218 750 sese,

198 769 374 846 Aquoniam,
389 765 430 822 M.
448 763 583 835 Messala,
604 763 646 822 M.
662 765 773 837 Pisone,
789 767 880 838 Coss,
903 768 1028 828 Seremus
1048 771 1226 838 censuisset,-

231 861 282 929 uti,
307 859 474 932 quicunque
502 855 631 912 Gelliam
656 857 834 932 proviaciam
860 858 1009 928 obtineret,
1037 859 1112 934 quod
1141 879 1217 917 com-

230 948 311 1004 modo
330 945 519 1022 Reipublicae
534 943 631 1004 fecere
652 955 754 1022 posset,
770 935 890 1004 Aeduos
903 957 1090 1023 caeterosque
1111 949 1219 1006 amicos

230 1036 332 1112 Populi
347 1035 471 1092 Romani
492 1033 667 1106 defenderet,
683 1054 747 1094 sese
763 1035 933 1094 Aeduorum
953 1037 1076 1112 injurias
1096 1055 1152 1094 non
1167 1055 1217 1094 ne-

229 1127 404 1204 glecturum.
624 1155 626 1160 v
658 1114 661 1119 ¹
710 1153 713 1158 ·

180 1219 217 1275 10
271 1214 410 1274 XXXVI.
433 1214 482 1272 Ad
508 1215 582 1274 haec
603 1215 771 1276 Ariovistus
793 1214 954 1292 respondit:
975 1215 1030 1278 Jus
1054 1235 1118 1273 esse
1139 1215 1217 1285 belli,

230 1317 270 1375 ut,
293 1306 344 1381 qui
358 1305 504 1378 vicissent,
528 1306 666 1382 iis,.qucs
680 1307 826 1377 vicissent,
845 1307 1086 1382 quemadmodum
1100 1307 1217 1376 vellent,

181 1445 183 1452 .
229 1395 421 1471 imperarent:
443 1396 512 1454 item
534 1396 677 1472 Populum
699 1397 863 1455 Romanurn
876 1398 1033 1456 victisncn
1047 1397 1083 1454 ad
1098 1397 1218 1456 alterius

230 1485 449 1562 praescriptum,
473 1485 523 1542 sed
543 1486 579 1542 ad
600 1505 687 1546 suurn
709 1488 870 1556 arbitrium,
890 1488 1034 1563 imperare
1052 1505 1216 1544 consuesse.

229 1575 261 1631 Si
275 1575 335 1650 ipse
350 1572 459 1650 Populo
472 1574 603 1632 Romano
613 1595 670 1638 non
681 1577 899 1652 praescriberet,
914 1575 1156 1650 quemadmodum
1166 1593 1219 1632 suo

179 1669 216 1723 15
226 1663 293 1740 jure
315 1673 463 1738 uteretur3
486 1681 543 1720 non
561 1673 692 1739 oportere
714 1684 778 1722 sese
802 1684 820 1721 a
840 1662 949 1742 Populo
970 1665 1100 1721 Romano
1114 1664 1144 1720 in
1165 1681 1218 1720 suo

226 1753 293 1830 jure
307 1755 448 1829 impediri.
490 1753 610 1812 Aeduos
630 1755 694 1824 sibi,
716 1755 853 1830 quoniam
866 1754 935 1811 belli
951 1753 1096 1810 lonunam
1111 1763 1217 1810 tentas-

228 1854 300 1913 sent,
316 1854 344 1902 et
358 1845 446 1901 armis
460 1845 607 1920 congressi
626 1863 661 1901 ac
674 1844 804 1920 superati
823 1853 926 1913 essent,
942 1843 1140 1920 stipendiarios
1154 1861 1218 1902 esse

230 1932 329 1992 sectos
371 1933 508 2010 Magnam
520 1933 674 1990 Caesarem
689 1933 827 2009 iujuriam
841 1931 946 2004 iacere,
962 1933 1012 2008 qui
1026 1951 1079 1992 suo
1092 1933 1218 1990 adventu

230 2023 384 2100 vectIgalia
398 2023 452 2080 sibi
467 2023 609 2080 deteriora
624 2021 743 2080 faceret.
786 2021 899 2080 Aeduis
914 2042 945 2080 se
966 2023 1078 2080 obsides
1093 2022 1217 2080 redditu-

176 2115 216 2170 20
230 2131 295 2170 rum
309 2131 365 2170 non
379 2131 452 2181 esse,
468 2131 562 2187 neque
577 2113 622 2183 iis,
645 2131 740 2188 neque
761 2127 864 2170 eorum
878 2113 964 2170 sociis
985 2112 1092 2188 injuria
1107 2111 1217 2172 bellum

229 2201 388 2270 illaturum,
399 2202 424 2258 si
439 2203 468 2258 111
483 2221 517 2259 eo
528 2211 687 2270 manerent,
698 2201 773 2278 quod
786 2202 975 2270 convenisset,
987 2201 1217 2278 stipendiumque

228 2292 382 2368 quotannis
395 2291 571 2368 penderent:
593 2293 618 2350 si
632 2291 660 2349 id
675 2309 732 2349 non
747 2291 893 2360 iecissent,
908 2291 992 2367 longe
1007 2291 1043 2346 iis
1057 2289 1218 2351 fraternum

228 2399 333 2438 nornen
347 2380 449 2457 Populi
464 2381 587 2440 Romani
602 2379 791 2460 abfuturum
822 2380 909 2445 Quod
920 2380 973 2437 sibi
985 2379 1094 2436 Caesar
1107 2377 1216 2438 denun-

228 2471 328 2541 ciaret,
352 2489 384 2531 se
406 2471 577 2528 Aeduorum
602 2469 724 2546 injurias
748 2487 805 2528 non
828 2471 1050 2546 neglecturum
1072 2469 1218 2527 nemiuem

174 2567 215 2622 aa
228 2579 329 2620 secum
343 2561 475 2630 sitresua
488 2561 616 2638 pernicie
637 2559 827 2620 contendisse.
866 2559 971 2624 Quum
986 2558 1083 2628 vellet,
1098 2577 1218 2635 congre-

224 2650 366 2725 deretur3
389 2651 617 2720 intellecturum,
628 2650 697 2726 quid
712 2650 811 2708 Invicti
830 2648 978 2719 Germani,
988 2647 1217 2707 exercitatissimi

228 2741 259 2796 in
273 2743 370 2816 armis,
391 2743 443 2818 qui
467 2742 543 2798 inter
557 2760 648 2802 annos
666 2757 720 2798 xiv
734 2749 842 2798 tectum
863 2755 919 2798 non
944 2738 1095 2808 subissent,
1112 2738 1217 2794 virtute

229 2839 352 2903 possent.

269 2915 423 2974 XXXVII.
446 2917 530 2974 Haec
543 2918 644 2974 eodem
666 2927 794 2994 ternpore
814 2917 934 2978 Caesari
953 2916 1090 2974 mandata
1110 2914 1216 2973 refere-

176 3003 342 3073 8011811181,
357 3014 386 3062 et
407 3006 495 3081 legati
517 3007 554 3062 ab
568 3005 682 3064 Aeduis
703 3017 732 3064 et
746 3028 764 3065 a
778 3007 910 3066 Treviris
924 3007 1096 3066 veniebant:
1118 3003 1217 3062 Aedui

227 3104 371 3170 questum,
386 3093 460 3168 quod
482 3093 627 3163 Harudes,
647 3097 698 3170 qui
720 3116 821 3172 nuper⁴
833 3098 872 3154 in.
884 3096 1011 3153 Galliam
1034 3093 1217 3170 transportati

227 3193 331 3252 essent,
347 3183 419 3242 fines
438 3199 538 3242 eorum
553 3184 780 3259 popularentur3
803 3206 867 3244 sese
881 3205 918 3244 ne
932 3185 1079 3244 obsidibus
1098 3183 1216 3259 quidem

227 3271 302 3330 datis
326 3291 427 3348 pacem
455 3273 595 3333 Ariovisti
619 3271 763 3332 redimere
789 3277 934 3352 potuine:
966 3275 1084 3333 Treviri
1109 3284 1215 3343 autem,

192 3433 194 3436 Ι
227 3381 316 3438 pagos
343 3371 460 3420 centurn
484 3361 647 3420 Suevorum
676 3363 812 3438 rad-ripas
840 3364 935 3422 Rheni
962 3364 1136 3434 consedisse,
1164 3364 1215 3438 qui

175 3457 214 3516 Ab
227 3451 364 3516 Rhenum
377 3451 499 3510 transire
520 3459 696 3509 conarentur
707 3469 717 3524 3
739 3453 775 3511 iis
795 3472 929 3528 praeesse
950 3455 1084 3514 Nasuam
1096 3451 1215 3512 8101111-

226 3543 339 3602 berium
367 3540 480 3600 iratres.
522 3540 639 3605 Quibus
667 3541 754 3599 rebus
780 3541 898 3612 Caesar,
925 3543 1113 3602 vehementer
1139 3561 1215 3600 eom-

226 3640 328 3702 motus,
357 3630 561 3690 maturandum
588 3629 643 3686 sibi
670 3631 854 3700 existimavit,
880 3647 926 3702 ne,
956 3634 981 3690 81
1009 3651 1084 3690 nova
1111 3650 1216 3690 marrus

225 3719 390 3778 Suevorum
410 3741 479 3780 cum
493 3721 639 3780 veteribus
659 3720 749 3798 copiis
763 3720 903 3778 Ariovisti
923 3741 987 3780 sese
1008 3721 1214 3797 conjunxisset,

225 3807 322 3866 ramus
344 3809 431 3870 facile
455 3811 549 3870 resisti
573 3820 677 3888 posset.
718 3809 821 3888 Itaque
844 3829 876 3870 re
905 3809 1106 3878 frumentaria,
1126 3825 1215 3884 quam
