2804 4312
152 321 212 369 Cu.
222 323 314 376 ΞΜ]
529 331 531 336 “
547 321 642 370 LIBER
659 321 799 370 TERTIUS
1164 319 1206 376 65
1239 367 1243 372 .

152 459 346 530 aestimanda,
362 478 454 535 quum
468 458 649 536 intelligeret,
664 461 694 516 in
709 460 753 518 his
767 460 839 518 locis
857 461 913 518 sibi
929 462 1036 521 bellum
1050 483 1150 540 geren.

151 547 235 619 dum,
247 550 299 607 ubi
313 550 418 625 paucis
437 559 503 606 ante
518 550 601 608 anuis
614 549 652 608 L.
665 549 804 608 Valerius
819 549 1013 610 Praeconinus
1028 553 1150 629 lagatus,

152 640 289 698 exercitu
304 640 397 715 pulso,
413 639 582 696 interfectus
604 649 687 710 esset,
703 649 788 716 atque
811 642 886 701 unde
900 641 938 701 L.
954 643 1073 704 Mallius
1087 665 1149 725 pro·

152 728 269 798 consul,
285 728 498 805 impedimentis
512 729 633 798 amissis,
649 729 830 807 profugisset,
839 751 895 789 non
910 734 1084 794 mediocrem
1095 737 1149 794 sibi
1186 745 1187 749 ’

153 815 340 894 diligentiam
354 817 544 874 adhibendam
558 817 744 894 intelligebat.
787 819 897 896 Itaque,
912 841 944 880 re
959 822 1149 884 frumentaria
1162 829 1182 880 5

154 909 281 982 provisa,
297 908 414 966 auxiliis
427 909 614 982 equitatuque
626 919 798 984 comparato,
810 910 909 968 multis
919 917 1068 987 praeterea
1078 917 1150 974 viris

155 993 280 1053 fortibus
295 996 413 1065 Tolosa,
427 997 593 1054 Carcasone
614 1006 642 1054 et
663 997 811 1067 Narbone,
833 1019 910 1074 quae
931 1012 997 1060 suut
1019 1005 1149 1063 civitates

157 1084 275 1142 Galliae
289 1083 469 1154 Provinciae,
484 1086 622 1144 finitimae
643 1086 687 1144 bis
708 1087 881 1163 regionibus,
896 1091 1063 1150 nominatim
1084 1113 1148 1152 evo·

155 1177 238 1244 eatis,
250 1176 282 1232 in
296 1176 438 1233 Sotiatum
448 1175 521 1234 fines
535 1177 696 1233 exercitum
710 1177 876 1234 Introduxit.
918 1178 1010 1254 Cujus
1025 1181 1149 1240 adventu

156 1266 281 1341 cognito,
297 1265 427 1335 Sotiates,
443 1266 557 1341 magnis
571 1265 661 1342 copiis
675 1266 784 1324 coactis
797 1267 994 1341 equitatuque,
1009 1287 1066 1344 quo
1087 1271 1148 1345 plu·
1165 1271 1202 1323 10

157 1354 266 1411 rimum
286 1353 430 1424 valebant,
453 1355 482 1410 in
504 1355 606 1412 itincre
625 1373 733 1431 agmen
751 1365 882 1414 nostrum
904 1355 1003 1426 adorti,
1024 1359 1149 1432 primum
1200 1423 1205 1430 ⁸

157 1455 291 1518 equestre
306 1443 446 1520 proelium
459 1445 683 1502 commiserunt:
705 1443 819 1514 deinde,
833 1445 963 1519 equitatu
978 1465 1037 1504 suc
1057 1447 1148 1522 pulso,

158 1543 243 1608 atque
258 1534 476 1609 insequentibus
496 1535 610 1603 nostris,
625 1534 719 1590 subito
740 1533 885 1610 pedestres
906 1535 1011 1611 copias,
1026 1554 1098 1613 quas
1119 1538 1148 1594 in

159 1622 291 1680 convalle
314 1624 343 1678 in
366 1623 479 1680 insidiis
500 1623 723 1692 collocaverant,
737 1623 933 1682 ostenderunt.
975 1624 1024 1696 Hi,
1039 1637 1148 1686 nostros

158 1711 291 1785 disjectos
305 1712 404 1782 adorti,
420 1713 561 1789 proelium
576 1723 760 1770 renovarunt.
1163 1725 1200 1778 15

198 1800 278 1858 XXI.
302 1802 466 1878 Pugnatum
481 1812 524 1859 est
538 1802 588 1858 diu
609 1790 695 1878 atque
717 1805 831 1874 acriter,
846 1815 937 1881 quunt
957 1806 1080 1865 Sotiates
1100 1828 1146 1865 su·

159 1891 316 1966 perioribus
341 1892 469 1948 victoriis
495 1889 570 1960 freti,
595 1891 625 1947 iu
650 1911 703 1949 sua
726 1895 831 1954 virtute
858 1895 944 1952 totius
969 1896 1152 1973 Aquitaniae,

158 1980 280 2037 salutern
294 1981 415 2055 positam
423 1989 579 2056 putarent;
601 1983 690 2038 nostri
705 1993 810 2052 autem,
821 1984 889 2059 quid
899 1986 961 2042 sine
977 1986 1147 2062 imperatore

158 2077 186 2125 et
199 2070 260 2126 sine
276 2070 396 2144 reliquis
410 2068 581 2145 legionibus,
604 2069 819 2130 adolescentulo
840 2072 924 2142 duce,
946 2075 1063 2133 efficere
1085 2095 1146 2152 pos-

158 2168 229 2227 sent,
253 2160 376 2236 perspici
400 2169 559 2234 ouperent:
591 2169 688 2217 tamen
712 2160 835 2219 coniecti
860 2162 1029 2222 vulneribus
1053 2166 1147 2224 hostes
1159 2171 1200 2226 20

158 2255 240 2323 terga
253 2257 375 2305 vertere.
419 2248 553 2313 Quorum
574 2268 680 2327 magno
700 2269 822 2308 numero
842 2251 1000 2322 interfecto,
1023 2255 1148 2313 Crassus

158 2355 194 2393 ex
209 2338 310 2394 itinere
324 2337 460 2413 oppidum
474 2338 616 2395 Sotiatum
630 2358 797 2416 oppugnare
818 2342 920 2415 coepit.
962 2342 1078 2406 Quibus
1088 2344 1146 2402 lor-

158 2427 224 2483 titer
237 2428 442 2496 resistentibus,
453 2428 553 2484 vineas
565 2438 716 2504 turresque
732 2431 800 2506 egit.
843 2428 899 2498 Illi,
915 2429 987 2486 alios
998 2432 1147 2507 eruptione

157 2524 275 2585 tentata,
286 2516 358 2572 alias
372 2515 517 2574 cuniculis
532 2517 569 2573 ad
583 2537 722 2594 aggerem
734 2519 891 2592 vineasque
902 2519 984 2586 actis,
997 2517 1097 2595 (cujus
1106 2521 1148 2575 rei

157 2614 223 2663 aunt
237 2606 323 2683 longe
345 2607 510 2683 peritissimi
524 2607 675 2684 Aquitani,
691 2617 842 2684 propterea
862 2605 938 2682 quod
959 2607 1057 2663 multis
1070 2607 1148 2666 locis
1160 2617 1200 2669 2⁵

157 2695 233 2770 apud
257 2715 307 2752 eos
331 2697 467 2752 aerariae
482 2706 615 2754 secturae
636 2695 726 2772 sunt),
748 2696 797 2752 ubi
818 2695 967 2770 diligentia
986 2705 1148 2756 nostrorum

157 2785 227 2842 nihil
242 2785 287 2841 his
301 2785 388 2842 rebus
401 2786 500 2862 profici
514 2805 596 2861 posse
611 2787 825 2854 intellexerunt,
837 2783 946 2862 lagatos
955 2785 996 2842 ad
1010 2785 1148 2845 Crassum

157 2875 281 2943 mittunt,
305 2891 393 2949 seque
414 2874 443 2930 in
466 2873 639 2933 deditionem
662 2885 694 2932 ut
718 2875 846 2951 recipiat,
870 2885 980 2951 petunt.
1022 2875 1091 2942 Qua
1116 2895 1148 2936 re

157 2963 317 3038 impetrata,
334 2981 416 3020 anna
430 2964 544 3021 tradere
555 2965 639 3040 jussi,
656 2964 777 3022 iaciunt.

197 3051 291 3120 XXII.
315 3053 414 3128 Atque
429 3054 458 3109 in
477 3072 513 3110 ea
529 3071 559 3110 re
573 3054 702 3111 omnium
721 3057 883 3112 nostrorum
897 3055 1012 3116 intentis
1033 3057 1145 3127 animis,
1160 3063 1200 3118 30

157 3141 214 3198 alia
238 3160 276 3198 ex
301 3152 381 3218 parte
404 3143 500 3218 oppidi
525 3142 767 3213 Adcantuannus,
792 3145 843 3219 qui
867 3164 1012 3205 summam
1033 3148 1147 3225 imperii

157 3231 280 3300 tenebat,
295 3250 363 3288 curn
377 3231 521 3289 sexcentis
536 3231 653 3300 devotis,
668 3250 741 3307 quos
762 3233 807 3290 illi
821 3233 969 3293 Soldurios
990 3238 1146 3314 appellant,

157 3320 293 3395 (quorum
307 3320 380 3378 haee
395 3330 439 3378 est
452 3321 584 3389 conditio,
597 3321 639 3378 uti
652 3323 786 3380 omuibus
799 3323 829 3380 in
844 3325 904 3381 vita
917 3326 1074 3382 commodis
1089 3345 1148 3382 una

156 3429 224 3468 curn
239 3409 284 3468 his
305 3410 449 3480 fruantur,
464 3429 589 3487 quornm
611 3431 642 3468 sc
665 3411 809 3469 amicitiae
832 3413 1009 3486 dediderint3
1032 3413 1147 3486 siquid
1206 3455 1209 3460 .

156 3503 192 3558 iis
205 3519 256 3578 per
276 3504 336 3559 vim
350 3502 472 3572 accidat,
488 3511 538 3559 aut
558 3501 682 3560 eundem
702 3521 805 3560 casum
827 3522 885 3560 uua
906 3503 1009 3570 ferant,
1026 3510 1075 3558 aut
1093 3500 1147 3558 sibi
1161 3507 1200 3563 35

156 3601 276 3648 mortem
285 3591 482 3650 consciscant:
497 3609 591 3667 neque
602 3590 696 3648 adhuc
708 3591 856 3649 hominum
867 3591 1006 3646 memoria
1017 3597 1149 3663 repertus

156 3689 199 3738 est
211 3681 376 3756 quisquam,
387 3680 446 3755 qui,
458 3700 493 3737 ao
507 3680 665 3750 interfecto,
675 3681 761 3756 cujus
775 3698 806 3736 aa
821 3679 966 3736 amicitiae
977 3676 1147 3747 devovisset,

156 3769 229 3826 mori
251 3768 424 3847 recusaret),
446 3787 514 3831 cum
538 3770 574 3827 iis
596 3770 829 3828 Adcantuannus
850 3765 1030 3840 eruptionem
1053 3764 1148 3825 lacera
1244 3785 1246 3788 ·

156 3867 286 3927 conatus,
307 3858 435 3916 clamore
459 3859 496 3918 ab
519 3877 556 3918 ea
574 3869 656 3936 parte
676 3855 844 3916 munitionis
863 3853 987 3924 sublato,
999 3873 1091 3930 quum
1112 3854 1148 3916 ad

642 3946 678 4003 ὅ*
