2844 4340
208 314 265 364 crs.
275 321 312 370 aa,
324 315 371 368 ea]
606 313 703 364 LIBER
719 315 871 370 QUINTUS.
1192 315 1254 378 107

206 463 323 530 tempus
345 471 403 510 nou
427 451 487 510 iore
509 449 693 530 potestatem:
719 473 754 514 ac
773 457 816 515 sic
834 467 944 517 nostros
958 470 1199 540 contempserunt,

207 554 250 614 ut,
262 545 420 602 obstructis
442 543 472 599 in
494 543 620 620 speciem
642 546 731 622 portis
748 547 872 625 singulis
888 549 1036 610 crdlnibus
1049 553 1199 630 cespitum,

206 634 286 711 quod
298 653 334 692 ea
347 651 404 690 non
419 651 501 710 posse
511 635 721 713 introrumpere
732 638 912 710 videbantur,
925 639 974 698 alii
985 641 1097 699 vallum
1110 659 1199 702 manu

207 723 350 794 scindere,
366 723 416 782 alii
429 723 522 782 ionem
535 727 682 802 complere
696 729 867 804 inciperent.
910 729 990 790 Turn
1003 731 1123 803 Caesar,
1138 753 1197 792 om-

207 813 293 870 nibns
317 815 406 889 portis
429 813 581 890 eruptione
606 815 692 886 iacta,
716 820 904 896 equitatuque
927 822 1040 891 emisso,
1064 821 1231 888 celeriter!

207 902 302 960 hostes
312 903 361 960 dat
373 904 404 960 in
419 902 528 980 iugem,
540 905 592 975 sio,
606 906 647 962 uti
660 908 775 964 omnino
788 909 936 986 pugnandi
950 929 1040 968 causa
1054 911 1199 972 resisteret

206 1006 312 1064 nemo;
341 1009 538 1070 magnumque
563 1013 599 1052 ex
622 995 658 1052 iis
679 1013 834 1054 numerum
856 996 971 1068 occidit,
993 1009 1079 1076 atque
1098 1021 1199 1064 onmes

207 1081 296 1138 armis
308 1083 401 1140 exuit.
507 1155 512 1166 .

246 1168 313 1228 Lll.
343 1169 475 1248 Longius
497 1174 631 1247 prosequi
660 1173 779 1241 veritus,
802 1173 878 1248 quod
902 1173 993 1232 silvae
1020 1175 1198 1255 paludesque

206 1259 430 1330 intercedebant,
443 1277 537 1336 neque
551 1261 638 1318 etiem
653 1261 775 1336 pervido
786 1261 955 1320 detrimento
968 1262 1086 1322 illorum
1100 1265 1197 1324 locunt
1211 1275 1249 1334 ιο

207 1349 332 1425 relinqui
348 1349 471 1420 videbat,
487 1349 620 1408 omnibus
633 1351 696 1408 suis
709 1350 904 1408 incolumibus
921 1353 1019 1428 copiis,
1035 1351 1136 1410 cadem
1150 1355 1197 1414 die

206 1439 242 1496 ad
256 1439 426 1498 Ciceronem
447 1440 587 1516 pervenit.
630 1439 778 1497 Institutas
800 1449 903 1510 turres,
921 1441 1088 1512 testudines,
1103 1445 1196 1502 muni-

205 1530 353 1605 tionesque
378 1528 501 1586 hostium
529 1529 706 1590 admiratur:
737 1527 875 1606 producta
903 1531 1017 1607 legione
1041 1534 1196 1609 cognoscit,

205 1635 262 1676 non
275 1617 422 1676 decimum
436 1635 581 1694 quemque
598 1637 661 1676 esse
683 1617 817 1677 relictum
839 1619 959 1678 militem
979 1622 1042 1678 siue
1063 1621 1194 1682 vulnere.

207 1707 253 1764 Ex
267 1708 312 1765 his
325 1709 458 1784 omnibus
468 1708 580 1784 judicat
594 1708 690 1777 rebus,
702 1717 809 1784 quanto
823 1727 890 1766 oum
906 1710 1035 1786 periculo
1045 1721 1074 1770 et
1087 1722 1196 1787 quanta
1210 1721 1248 1780 15
1266 1709 1269 1718 ’

206 1815 274 1854 cum
298 1798 403 1856 virtute
427 1798 485 1856 sint
512 1815 559 1855 res
587 1797 822 1856 administratae:
854 1799 1026 1858 Ciceronem
1054 1819 1105 1877 pro
1132 1802 1197 1877 ejus

206 1888 307 1946 merito
321 1887 522 1964 legionemque
536 1885 701 1946 collaudat:
723 1889 908 1948 centuriones
923 1889 1092 1967 singillatim
1106 1891 1194 1949 tribu-

206 1985 313 2052 nosque
334 1977 458 2034 militum
480 1975 613 2054 appellat,
637 1995 760 2053 quorum
783 1980 932 2056 egregiam
956 1979 1046 2038 fuisse
1060 1980 1196 2038 virtutem

150 2117 152 2119 .
207 2066 366 2124 testimonio
388 2065 537 2124 Ciceronis
557 2076 740 2142 cognoverat.
783 2066 920 2126 Deoasu
939 2068 1039 2128 SabIni
1053 2079 1081 2128 ct
1094 2069 1195 2128 Cottae

206 2157 314 2214 certius
333 2175 369 2214 ex
390 2157 512 2232 oaptIvis
532 2156 691 2233 cognoscit.
734 2154 850 2215 Postero
864 2158 919 2227 die,
935 2161 1073 2216 concione
1086 2158 1193 2230 habita,
1207 2168 1247 2226 20

207 2261 268 2302 rem
281 2255 393 2322 gestam
406 2245 536 2324 proponit
548 2265 556 2302 r
577 2245 684 2302 militer
696 2245 862 2304 consolatur
878 2256 908 2304 et
926 2249 1097 2306 coufirmat:
1118 2247 1195 2323 quod

121 2401 123 2404 ¹
206 2334 409 2392 detrimentum
433 2335 522 2411 culpa
542 2344 571 2392 et
595 2335 757 2392 temeritate
784 2335 872 2411 legati
894 2336 931 2393 sit
956 2346 1118 2412 acceptum,
1139 2337 1195 2394 hoo

206 2427 340 2501 aequiore
368 2426 463 2482 animo
491 2423 641 2482 ferendum
669 2424 761 2494 docet,
791 2424 876 2499 quod,
905 2425 1047 2482 beneficio
1074 2425 1194 2482 deorum

206 2515 410 2574 immortalium
434 2523 462 2572 et
487 2515 593 2572 virtute
617 2531 719 2572 eorum
747 2515 862 2590 expiato
888 2511 1076 2581 incommodo,
1099 2529 1194 2587 neque

205 2606 334 2664 hostibus
361 2605 472 2663 diutina
500 2604 625 2674 laetatio,
651 2618 746 2678 neque
771 2603 842 2678 ipsis
865 2600 977 2677 longior
1004 2599 1084 2658 dolor
1108 2600 1194 2659 relin-
1207 2611 1247 2668 π

204 2703 320 2771 quatur.

245 2783 324 2843 LIII.
347 2784 466 2842 Interim
481 2783 517 2842 ad
536 2779 701 2842 Labienum
719 2799 772 2860 per
790 2779 897 2838 Remos
916 2779 1078 2838 incredibili
1092 2779 1193 2839 celeri-

204 2883 262 2932 tate
272 2873 308 2932 de
324 2873 444 2932 victorin
453 2872 588 2932 Caesaris
603 2871 681 2929 fama
695 2869 847 2948 perfertur,
860 2879 901 2940 ut,
912 2887 1003 2948 qutun
1017 2871 1054 2929 ab
1067 2870 1195 2936 hibernis

204 2963 354 3024 Ciceronis
379 2963 491 3022 abesset
518 2961 611 3018 millia
638 2979 777 3036 passuum
804 2960 920 3019 circiter
945 2977 992 3033 nx,
1017 2981 1108 3040 eoque
1133 2969 1196 3038 post

206 3053 305 3111 horam
326 3069 433 3112 nonam
446 3051 503 3110 dtei
517 3051 626 3109 Caesar
645 3049 832 3127 pervenisset,
847 3059 912 3110 ante
933 3051 1058 3110 mediam
1081 3061 1194 3110 noctem
1207 3063 1246 3122 ne

205 3142 242 3200 ad
256 3153 351 3222 portas
365 3152 527 3200 castrorum
540 3139 651 3199 clamor
665 3139 797 3212 oriretur,
809 3159 866 3218 quo
880 3141 1007 3201 clamore
1022 3143 1196 3220 significatio

207 3222 345 3292 victoriae
360 3233 572 3310 gratulatioque
588 3231 624 3288 ab
639 3231 740 3289 Remis
755 3229 886 3291 Labieno
899 3231 992 3291 tieret.
1035 3232 1102 3290 Hac
1117 3231 1194 3289 fama

207 3321 243 3380 ad
266 3323 406 3380 Treviros
430 3321 556 3399 perinte,
573 3319 795 3392 IndutIomarus,
818 3323 868 3398 qui
892 3333 1004 3398 postero
1028 3320 1074 3380 die
1099 3327 1196 3376 comra

208 3408 329 3470 Labieni
357 3429 524 3489 oppugnare
552 3412 729 3482 decreverat,
758 3421 845 3470 noctu
873 3410 1008 3487 profugit,
1037 3408 1194 3482 copiasque

207 3519 305 3561 omnes
318 3505 348 3561 in
363 3503 502 3562 Treviros
521 3502 641 3562 reducit.
682 3497 791 3561 Caesar
812 3501 936 3560 Fabium
950 3517 1018 3557 curn
1038 3495 1150 3572 legione
1165 3494 1195 3550 in
1207 3503 1247 3562 a}

207 3609 260 3651 sua
288 3594 406 3652 remittit
432 3592 561 3662 hiberna,
588 3593 650 3669 ipse
676 3609 746 3650 cum
773 3591 865 3648 tribus
892 3587 1055 3664 legionibus
1081 3581 1195 3639 circum

208 3679 442 3740 Samarobriuam
466 3683 549 3740 trinis
570 3681 698 3739 hibernis
722 3681 851 3737 hiemare
873 3675 1037 3744 constituit3
1060 3679 1097 3740 et,
1119 3669 1196 3745 quoti

161 3822 165 3828 .
207 3771 278 3828 tanti
292 3782 387 3832 ructus
401 3771 518 3830 Galliae
530 3771 707 3838 exstiterant,
719 3775 807 3824 totam
821 3763 946 3820 hiemem
960 3763 1020 3840 ipse
1035 3757 1071 3817 sd
1085 3759 1195 3819 exerci-

209 3865 271 3920 tum
284 3880 402 3922 manere
416 3861 553 3922 decrevit.
595 3857 674 3917 Nam
688 3856 738 3914 illc
751 3851 930 3912 incommodo
943 3851 979 3912 de
991 3849 1091 3912 Sabini
1105 3859 1196 3913 morte
