2844 4340
175 253 235 318 ιιι
539 257 583 307 os
604 243 709 309 ιιιιῠ
727 253 869 303 estnec
1062 251 1174 306 rens,
1185 257 1219 301 c.

224 398 423 466 Teutomatus,
439 393 616 454 Olloviconis
636 391 723 458 tilius,
739 408 790 446 rex
811 387 1017 463 Nitiobrigum,
1032 387 1120 462 cujus
1133 397 1219 464 pater

223 487 259 543 sb
273 485 382 542 Senatu
396 493 491 542 nostro
506 481 618 538 amicus
629 488 692 536 eret
703 477 873 554 appellatus,
886 493 953 532 oum
969 493 1072 551 magno
1087 477 1217 551 equiturn

223 591 340 634 suorum
363 589 492 639 numero,
507 579 536 628 et
558 587 630 644 quos
652 587 689 625 cx
711 567 871 642 Aquitania
891 564 1077 634 conduxerat,
1092 565 1127 624 ed
1148 579 1223 625 curn'

223 664 361 740 pervenit.

191 755 211 814 ὃ
263 750 387 813 XXXII.
423 750 542 819 Caesar,
572 749 695 808 Avarici
729 747 894 823 complures
928 747 989 808 dics
1016 757 1218 815 commoratus,

223 859 422 916 summamque
433 840 473 897 ibi
484 839 597 914 copiam
609 837 745 896 frumenti
756 847 785 894 et
795 837 900 912 reliqui
912 846 1091 896 commestus
1105 846 1218 905 noctus

223 931 384 994 exercitum
398 949 435 987 cx
449 929 547 988 loborc
562 939 648 1002 atque
662 927 759 1002 inopie
777 925 889 986 refecit.
931 924 998 984 lum
1019 943 1106 1000 prope
1121 925 1217 1000 bieme

223 1019 364 1089 conlecta,
380 1037 471 1094 quum
486 1018 546 1094 ipsc
561 1017 630 1074 anni
643 1026 771 1091 tempore
786 1015 822 1075 cd
836 1015 995 1092 gerendum
1009 1014 1118 1074 bellum
1134 1033 1218 1071 voco-

225 1119 314 1178 retur,
340 1119 368 1168 et
397 1108 432 1166 ud
461 1107 571 1168 hostem
599 1105 744 1182 profioIsci
772 1105 974 1173 constituisset,
997 1105 1058 1161 sive
1086 1121 1154 1162 eum
1181 1121 1219 1160 es
1310 1098 1313 1102 ’

176 1199 213 1260 ll)
226 1199 379 1276 paludibus
404 1198 542 1272 silvisque
563 1195 679 1264 elicere,
701 1195 763 1252 sive
784 1193 929 1254 obsidione
950 1211 1082 1270 premere
1103 1202 1196 1268 posset
1207 1211 1219 1264 ;,

226 1289 315 1394 legati
346 1288 381 1348 ad
413 1307 481 1346 eum
513 1286 657 1364 principes
686 1284 857 1343 Aeduorum
887 1284 1006 1340 veniunt
1036 1293 1158 1350 oratum,
1180 1279 1220 1342 Ut

210 1382 352 1464 maxime
367 1378 531 1436 necessario
551 1387 677 1452 tempore
699 1373 810 1432 civitati
831 1373 1002 1430 subveniet.
1023 1391 1136 1431 summo
1157 1389 1221 1428 esse

226 1469 257 1526 in
272 1467 402 1544 periculo
416 1486 499 1537 rem3
521 1464 607 1540 quod,
622 1481 714 1538 quum
735 1462 844 1538 singuli
865 1462 1050 1537 magistratus
1065 1461 1222 1536 antiquitus

226 1559 330 1625 crcsri,
340 1567 427 1630 etque
442 1556 552 1631 regiam
567 1563 734 1628 potestatem
746 1569 874 1612 annuam
883 1550 1012 1608 obtinere
1023 1559 1220 1618 consuessent,

177 1649 213 1704 ιιι
226 1643 283 1698 duo
293 1644 493 1718 magistratum
503 1653 616 1716 gerant,
627 1650 656 1697 et
666 1659 697 1696 se
710 1649 831 1712 uterque
846 1655 946 1696 corum
961 1638 1075 1713 legibus
1088 1648 1222 1696 creatum

225 1749 289 1789 osse
303 1730 390 1786 dicct.
433 1727 546 1786 Horum
560 1745 624 1784 esse
644 1727 768 1784 alterurn
789 1725 1056 1794 Convictolitunem,
1072 1725 1221 1787 florentem

225 1827 254 1874 et
274 1817 416 1874 illustrem
438 1814 670 1885 adolescentem
694 1813 817 1870 alterum
836 1811 950 1881 Cotum,
966 1814 1165 1890 antiquissima
1181 1815 1221 1874 su·

226 1905 306 1964 milia
327 1914 436 1972 netum,
466 1913 552 1977 etque
575 1903 671 1977 ipsum
698 1902 844 1962 huminem
866 1918 997 1962 summes
1025 1906 1169 1980 potentiae
1194 1917 1224 1966 et
1250 1931 1253 1934 ·

226 2012 349 2070 mognue
364 1991 561 2068 cognationis3
585 1991 671 2067 cujus
693 1990 782 2050 stater
803 1991 974 2050 Valetiacus
996 1993 1125 2069 proximo
1148 2013 1223 2054 enno

174 2081 349 2164 coeundum
378 2081 578 2158 magistratum
607 2082 746 2158 gesserit:
777 2081 924 2142 civitatem
953 2101 1068 2141 omnem
1097 2103 1160 2142 esse
1191 2085 1223 2144 in

226 2172 324 2240 armis,
346 2170 470 2231 divisum
500 2181 643 2240 sennium,
665 2171 790 2231 divisum
818 2170 967 2247 populum,
989 2191 1059 2232 suas
1079 2174 1222 2250 cujusquo

226 2279 326 2320 eorum
341 2260 501 2320 clientelas.
544 2259 630 2326 Quod
645 2262 669 2318 si
684 2261 793 2321 diutius
814 2260 910 2318 aletur
931 2264 1136 2332 controversia,
1152 2262 1222 2333 fore,

227 2351 269 2408 uti
283 2369 350 2453 pars
364 2367 432 2408 oum
446 2360 527 2431 perte
546 2351 672 2411 civitatis
691 2351 845 2428 confliget:
866 2350 895 2408 id
911 2369 947 2408 ne
963 2353 1086 2422 accidat,
1100 2353 1223 2428 positum

228 2443 258 2500 in
272 2441 336 2517 ejus
349 2441 498 2518 diligentia
512 2449 599 2517 etque
615 2441 795 2498 auctoritate

175 2543 215 2600 25
270 2531 408 2592 XXXIII.
430 2530 547 2599 (laesor,
562 2531 615 2588 etsi
639 2549 656 2588 o
678 2529 754 2588 bello
776 2540 862 2606 etque
882 2529 961 2588 hoste
976 2530 1124 2589 discedere
1138 2531 1222 2592 detri-

228 2633 390 2685 mentosum
417 2639 480 2680 esse
508 2621 699 2688 existImabot,
725 2630 833 2689 tamen,
862 2637 918 2676 non
946 2621 1091 2696 ignorans,
1115 2631 1223 2696 quantu

228 2729 266 2772 ex
287 2711 511 2776 dissensionibus
533 2709 713 2768 incommode
735 2710 803 2767 oriri
825 2720 1021 2779 consuessent,
1037 2727 1074 2766 ne
1095 2719 1175 2768 tenta
1195 2722 1224 2768 ct

229 2810 287 2858 tam
310 2802 465 2876 conjuncte
490 2799 598 2876 Populo
623 2799 753 2856 Romano
776 2799 887 2866 civitas,
911 2817 998 2874 quem
1022 2794 1082 2875 ipse
1110 2819 1225 2877 sempor
1289 2812 1293 2820 “

230 2887 357 2956 eluisset,
372 2890 561 2962 omnibusque
584 2889 671 2946 rebus
692 2898 829 2957 ornasset,
845 2887 880 2944 ad
896 2888 953 2944 vim
976 2898 1062 2962 atque
1087 2888 1124 2948 ad
1144 2907 1225 2948 erma

179 2986 217 3042 ao
230 2974 425 3043 descenderet,
435 2985 521 3049 atquc
535 2996 570 3034 ee
584 2997 660 3053 pers,
669 2997 744 3052 quoe
760 2979 855 3035 minus
869 2976 922 3034 sibi
936 2977 1101 3048 confideret,
1115 2979 1225 3040 auxilia

230 3081 248 3120 o
264 3061 502 3138 Vercingetorige
517 3077 684 3135 arcesseret,
697 3067 766 3124 huic
775 3067 817 3124 rei
827 3065 1067 3141 praevertendum
1079 3068 1223 3126 existima.

231 3151 292 3222 vit;
308 3161 336 3209 et
349 3149 425 3224 quod
437 3151 551 3226 legibus
563 3152 733 3214 Aeduorum
745 3156 789 3224 iis,
801 3156 851 3232 qui
862 3173 1009 3214 summum
1023 3158 1225 3233 magistratum

229 3240 398 3307 obtinerent,
413 3238 553 3296 excedere
575 3260 611 3298 ex
635 3243 742 3302 finibus
764 3263 820 3305 non
840 3244 951 3315 liceret,
966 3263 1002 3302 ne
1021 3245 1091 3321 quid
1109 3246 1224 3321 dejure

231 3340 282 3390 aut
303 3329 339 3388 de
360 3329 475 3406 legibus
496 3347 597 3386 eorum
619 3329 789 3392 diminuisse
804 3333 960 3404 videretur,
978 3335 1038 3411 ipse
1060 3336 1089 3392 in
1105 3335 1225 3394 Aeduos

180 3435 218 3492 35
231 3421 375 3501 proficisci
397 3419 505 3487 statuit,
529 3430 719 3496 senatumque
738 3441 862 3491 omnem,
877 3434 906 3481 ct
926 3443 998 3500 quos
1019 3425 1094 3482 inter
1114 3435 1224 3486 contro

231 3513 327 3574 versia
347 3521 432 3580 esset,
447 3507 484 3566 od
506 3527 537 3566 se
559 3506 711 3566 Decetiam
732 3513 873 3570 evocavit.
915 3513 1018 3579 Quum
1031 3533 1118 3591 propo
1132 3516 1226 3574 omnis

230 3605 334 3664 civitas
348 3621 382 3660 eo
395 3599 584 3668 couvcnIsset,
600 3597 819 3675 docereturque,
829 3603 931 3676 porrois
946 3601 1022 3660 clam
1038 3604 1155 3673 vocetis,
1167 3603 1226 3664 elio

231 3693 303 3763 loco,
315 3693 372 3750 elio
381 3702 517 3768 tempore,
528 3699 613 3766 etque
627 3690 791 3765 oportuerit,
802 3689 921 3748 fratrem
936 3709 953 3748 a
968 3690 1057 3750 fratrc
1071 3694 1225 3756 renuncia-

232 3791 294 3838 tum
306 3799 316 3850 ;
330 3799 421 3856 quum
430 3779 510 3856 leges
520 3779 577 3840 duo
587 3799 622 3838 cx
636 3797 694 3866 unu¹
706 3777 824 3848 familie,
834 3779 899 3838 vivo
915 3790 1044 3864 utroque,
1059 3801 1117 3844 non
1130 3783 1226 3844 solum
