2804 4312
179 271 225 330 24
536 277 579 324 DE
599 277 703 324 catto
721 278 864 326 GALLIGO
1066 279 1232 357 [Canitiem

235 415 398 474 decurionis
411 416 541 492 equiturn
556 414 717 485 Gallorum,
733 415 861 474 hostibus
875 415 1040 474 nunciatur.
1083 415 1220 486 Helvetii,

234 523 286 562 eeu
297 505 372 580 quod
386 506 486 560 timore
500 503 664 579 perterritos
678 504 823 564 Romam
837 505 984 562 discedere
999 523 1017 562 a
1030 523 1061 562 se
1076 506 1221 563 existima·

235 601 307 660 rent,
330 611 364 650 eo
392 593 493 668 magis,
518 593 594 667 quod
620 593 719 668 pridie,
748 594 944 669 superioribus
967 594 1038 652 locis
1064 595 1221 670 occupatis,

235 681 374 758 proelium
397 698 454 739 non
477 679 714 754 commovissent3
738 684 799 741 sive
821 703 864 753 eo,
885 684 960 760 quod
982 703 1013 741 re
1035 683 1223 742 frumentaria

202 783 221 835 5
234 770 387 828 intercludi
402 789 483 846 posse
498 771 689 844 confiderent3
705 781 880 830 commutato
890 773 1010 830 consilio
1024 783 1109 848 atque
1120 774 1223 830 itinere

235 878 380 929 converso,
402 869 513 918 nostroe
535 877 554 918 a
576 862 729 920 novissimo
751 862 866 939 agmine
888 862 1000 938 insequi
1022 863 1223 930 acleocssere

234 960 400 1028 coeperunt.

276 1040 386 1100 XXIV.
410 1041 563 1117 Postquam
578 1042 607 1100 id
622 1043 752 1100 animum
769 1043 899 1113 advertit,
915 1043 1013 1119 copiae
1033 1063 1102 1100 suas
1115 1043 1225 1102 Caesar

236 1131 266 1187 in
287 1133 451 1206 proximum
473 1131 577 1190 collem
599 1132 742 1202 subducit,
755 1133 983 1208 equitatumque,
999 1133 1049 1208 qui
1071 1133 1226 1190 sustineret

186 1229 222 1284 10
236 1219 360 1277 hostium
373 1221 521 1296 impetum,
537 1221 623 1278 misit.
665 1220 730 1296 lpse
751 1223 866 1278 iuterim
880 1223 910 1278 in
931 1222 1005 1280 colle
1027 1221 1121 1280 medio
1134 1221 1225 1297 tripli-

235 1328 300 1366 cem
313 1311 407 1368 eciem
428 1311 565 1368 instruxit
587 1310 734 1386 legionum
756 1321 879 1386 quatuor
893 1319 1105 1380 veteranarum,
1120 1311 1169 1380 ita,
1184 1311 1226 1368 uti

235 1418 324 1475 supra
337 1419 368 1456 se
383 1400 411 1456 iu
427 1417 539 1456 summo
558 1399 630 1476 jugo
644 1399 717 1456 duas
739 1399 876 1475 legiones,
890 1419 964 1474 quas
986 1400 1016 1456 in
1038 1399 1136 1458 Gallia
1158 1401 1225 1457 cita·

236 1487 311 1546 ricre
325 1489 453 1563 proxime
467 1489 686 1564 conscripserat,
702 1498 731 1545 et
748 1489 845 1546 omnia
866 1489 976 1546 auxilia
996 1489 1169 1546 collocaret:
1190 1507 1226 1546 ac

236 1585 326 1633 totum
348 1585 474 1634 montem
497 1576 661 1634 hominibus
684 1577 831 1654 compleri,
856 1587 884 1636 et
908 1578 1019 1636 interea
1041 1579 1171 1636 sarcinas
1193 1579 1225 1634 in

186 1671 225 1728 lb,
237 1683 329 1722 unum
342 1665 440 1722 locum
453 1664 588 1735 conferri,
610 1676 639 1723 et
658 1686 727 1724 eum
748 1667 784 1724 ab
798 1667 852 1736 bis,
875 1667 926 1743 qui
948 1669 978 1726 in
1002 1668 1148 1743 superiore
1162 1667 1226 1724 acie

236 1755 429 1825 constiterant,
440 1755 547 1813 muniri
557 1755 653 1832 jussit.
682 1755 820 1826 Helvetii,
830 1775 899 1814 cum
912 1757 1045 1814 omnibus
1058 1757 1119 1814 suis
1134 1756 1227 1814 carris

233 1845 338 1914 secuti,
354 1845 556 1921 impedimenta
577 1845 608 1902 in
630 1863 722 1902 unum
741 1844 838 1904 locum
860 1846 1060 1906 contulerunt:
1082 1847 1145 1922 ipsi,
1160 1864 1225 1904 oon·

237 1935 391 1992 fortissima
410 1935 472 1992 acie
496 1934 602 2010 rejecto
624 1945 720 1992 bostro
741 1937 882 2012 equitatu,
905 1936 1048 2014 phalange
1071 1935 1157 2006 facta,
1172 1936 1227 1994 sub

237 2026 359 2103 primam
372 2033 499 2083 nostram
513 2023 607 2082 eciem
622 2035 837 2084 successerunt.

184 2119 224 2174 20
278 2113 374 2174 XXV.
396 2113 515 2184 Caesar,
530 2114 656 2190 primurn
670 2133 731 2185 suo,
747 2115 849 2174 deinde
870 2116 999 2172 omnium
1021 2133 1058 2174 ex
1072 2125 1227 2192 conspectu

237 2204 352 2260 remotis
376 2203 466 2278 equis,
493 2213 533 2272 ut,
559 2213 681 2280 aequato
706 2205 836 2262 onmium
864 2204 1002 2280 periculo,
1030 2223 1111 2280 spem
1140 2204 1227 2282 fugae

237 2292 358 2360 tolleret,
373 2293 538 2350 cohortatus
551 2311 627 2363 suos,
643 2294 785 2370 proelium
806 2293 957 2351 commisit.
1000 2291 1117 2362 Milites,
1132 2313 1148 2352 e
1164 2294 1227 2352 loco

237 2383 383 2460 superiore
397 2383 463 2458 pilis
476 2383 579 2452 missis,
592 2383 678 2442 facile
693 2383 817 2442 hostium
831 2382 1003 2459 phalangem
1012 2381 1228 2459 perfregerunt.

237 2473 283 2530 Ea
297 2472 425 2548 disjecta,
434 2473 539 2550 gladiis
552 2473 696 2532 destrictis
706 2473 736 2530 in
750 2492 799 2531 eos
809 2473 948 2547 impeturn
960 2471 1101 2530 fecerunt.
1133 2472 1227 2533 Gallis

185 2569 224 2624 et
237 2581 342 2640 magno
355 2562 392 2620 ad
406 2582 535 2644 pugnam
555 2573 618 2622 erat
639 2563 851 2639 impedimento,
872 2561 957 2637 quod,
972 2561 1104 2639 pluribus
1127 2581 1227 2620 eorum

176 2669 185 2680 ·
236 2651 325 2710 scutis
340 2671 397 2710 uno
411 2653 471 2710 ictu
485 2653 609 2730 pilorum
623 2653 770 2710 transfixis
789 2661 819 2708 et
839 2650 990 2730 colligatis,
1006 2671 1096 2727 quum
1118 2651 1227 2710 serrum

236 2761 267 2798 se
281 2741 448 2809 inflexisset,
463 2759 557 2818 nequa
577 2742 713 2810 evellere,
733 2759 837 2817 neque,
859 2741 975 2798 sinistra
999 2741 1144 2816 impedite,
1159 2742 1228 2799 satis

235 2827 383 2885 commode
405 2847 535 2904 pugnare
558 2839 705 2904 poterant;
729 2830 812 2888 multi
836 2839 876 2900 ut,
899 2829 949 2888 diu
967 2829 1076 2904 jactato
1099 2830 1226 2898 brachio,

237 2924 436 2990 praeoptarent
450 2927 566 2974 scutum
577 2935 665 2974 manu
679 2920 818 2988 emittere,
830 2927 858 2976 et
867 2919 944 2984 nudo
954 2934 1072 2993 corpore
1083 2936 1225 2994 pugnare.

184 3011 224 3065 30
238 3002 378 3072 Tandem,
394 3003 563 3062 vulneribu's
578 3004 690 3076 defessi,
706 3017 734 3065 et
748 3009 850 3085 pedem
866 3007 984 3075 referre,
996 3016 1034 3074 et,
1050 3005 1125 3081 quod
1145 3025 1227 3064 mons

236 3093 354 3151 suberat
376 3093 493 3150 circiter
517 3094 597 3150 mille
621 3113 767 3171 passuum,
793 3117 827 3156 eo
852 3117 883 3156 se
909 3097 1037 3173 recipere
1059 3106 1224 3171 coeperunt.

236 3181 326 3258 Capto
347 3191 441 3240 monte
460 3192 489 3239 et
510 3183 731 3242 succedentibus
751 3188 864 3257 uostris,
887 3187 950 3251 Boii
971 3196 999 3244 et
1021 3185 1151 3260 Tulingi,
1176 3186 1226 3260 qui

237 3271 384 3330 hominum
399 3267 525 3329 millibus
546 3273 662 3331 circiter
683 3291 724 3330 xv
739 3295 843 3352 agmen
858 3278 982 3336 hostiurn
1002 3274 1183 3342 claudebant,
1198 3285 1227 3334 et

236 3361 398 3422 novisrimis
422 3363 563 3437 praesidio
586 3373 676 3433 erant,
698 3348 735 3422 erl
759 3367 862 3424 itinere
883 3377 993 3425 nostros
1017 3366 1107 3424 latere
1129 3375 1227 3440 aperto

184 3459 223 3512 at
237 3454 376 3532 aggressi,
404 3454 634 3511 circumvenire:
668 3464 697 3512 et
720 3456 750 3512 id
775 3458 933 3532 conspicati
960 3456 1098 3526 Helvetii,
1122 3455 1172 3531 qui
1196 3456 1225 3512 in
1316 3493 1318 3498 ,

236 3554 361 3602 montem
382 3561 445 3600 sese
466 3553 643 3618 receperant,
659 3562 762 3600 rursus
782 3545 888 3602 instare
903 3556 931 3602 et
944 3546 1087 3621 proelium
1103 3545 1225 3602 redinte-

236 3650 322 3706 grare
346 3641 512 3708 coeperunt.
555 3631 678 3690 Romani
699 3649 839 3689 conversa
860 3632 943 3708 signa
968 3633 1100 3709 bipartito
1122 3633 1225 3692 intule·
1292 3699 1294 3704 y

237 3730 320 3780 runt:
336 3723 429 3796 prima
438 3741 472 3779 ac
484 3721 614 3780 secunda
623 3721 709 3788 acies,
721 3731 752 3776 ut
761 3719 845 3778 victis
859 3739 894 3778 ac
909 3721 1049 3780 submotis
1057 3723 1223 3794 resisteret;

237 3807 328 3875 tertia,
340 3817 372 3866 ut
388 3810 533 3868 venientes
543 3811 699 3884 exciperet.
