2826 4336
201 271 245 334 ss
564 276 608 324 DE
627 275 731 325 mm
750 275 893 322 eunuco
1081 273 1230 328 [Cam-21.

295 417 405 476 XXIX.
433 416 541 474 Contra
567 433 603 473 ee
631 414 773 483 Titurius,
802 411 874 470 Sero
901 411 1037 481 facturos,
1064 411 1242 482 clarnitsbet,

253 523 345 582 quum
365 506 489 581 majores
510 504 633 562 hostium
654 521 767 572 manus,
788 502 932 578 adjunctis
954 501 1118 571 Germanis,
1139 519 1243 560 eonve-

249 596 371 664 nissent,
393 603 443 652 aut
462 611 554 671 quum
575 591 684 668 aliquid
704 592 876 650 calamitatis
896 591 927 647 in
948 592 1087 666 proximis
1115 591 1243 648 bibernis

253 694 329 740 esset
343 692 512 760 acceptum:
534 683 651 741 brevem
663 679 832 740 consulendi
841 700 906 738 esse
915 681 1116 740 occasionem:
1137 679 1240 738 Cesse-

220 778 315 832 ὅτου]
336 773 471 831 erbitrsri
492 771 654 848 profectum
673 773 703 828 in
725 769 840 828 ltaliam
852 788 975 845 :meque
996 769 1079 827 sliter
1099 769 1242 828 Carnutes

253 861 445 918 interficiendi
460 861 592 938 Tasgetii
607 861 760 920 consilium
775 859 866 918 fuisse
877 869 1032 934 capturos3
1054 875 1148 934 neque
1163 857 1241 916 Ebu-

252 967 347 1020 rones,
362 951 386 1008 si
401 949 450 1008 ille
465 950 585 1020 adesset,
600 958 679 1008 tenta
692 969 760 1008 cum
774 949 981 1025 contemptione
995 950 1084 1006 nostri
1096 947 1132 1005 ad
1145 957 1243 1008 cestre

253 1049 391 1096 venturos
413 1059 498 1098 esse:
528 1057 587 1098 non
611 1041 721 1097 bostem
749 1049 906 1109 auctorem,
931 1038 981 1096 sed
1005 1055 1066 1096 rem
1087 1045 1241 1114 spectare;

251 1129 372 1186 subesse
402 1128 554 1198 Rhenum
583 1147 689 1208 magno
715 1147 779 1186 esse
807 1128 964 1186 Germanis
989 1127 1078 1186 dolori
1102 1127 1244 1185 Ariovisti

203 1223 241 1280 10
254 1227 375 1276 mortem
394 1228 423 1277 et
442 1219 605 1296 superiores
624 1229 737 1278 nostras
751 1219 907 1290 victories3
930 1217 1032 1276 ardere
1051 1216 1189 1286 Gellium,
1203 1225 1244 1274 tot

253 1307 439 1366 contumeliis
452 1309 580 1385 acceptis
594 1309 648 1366 sub
662 1307 764 1384 Populi
784 1307 907 1365 Romani
921 1308 1074 1386 imperium
1088 1306 1244 1375 muscum,

253 1398 403 1472 superiore
417 1398 510 1474 glorie
529 1399 571 1454 rei
589 1398 723 1456 militetis
735 1397 887 1454 exstincte.
928 1395 1085 1466 Postremo,
1100 1395 1175 1460 Quis
1189 1395 1244 1452 lroo

251 1485 310 1542 sibi
338 1486 534 1560 persuaderet,
559 1487 622 1544 sine
646 1496 727 1544 certe
754 1503 786 1542 re
811 1485 1012 1561 Ambiorigem
1040 1485 1077 1542 ad
1103 1484 1245 1560 ejusmodi

253 1573 410 1630 consilium
417 1573 598 1642 descendisse
609 1574 622 1629 l
649 1573 741 1630 Susm
751 1574 921 1630 senteutiam
931 1574 961 1630 in
970 1583 1123 1648 utrumque
1133 1584 1245 1648 partem

203 1669 240 1725 15
254 1677 318 1716 esse
338 1669 450 1717 tutem:
480 1661 505 1716 si
524 1661 566 1718 nil
584 1662 624 1718 sit
644 1661 755 1728 durius,
776 1659 858 1718 nullo
878 1660 1007 1735 periculo
1027 1661 1064 1718 ad
1085 1663 1247 1736 proximem

253 1745 398 1822 legionem
420 1758 630 1822 perventuros3
653 1750 678 1805 si
694 1747 794 1805 Gellia
811 1749 904 1806 omnis
919 1767 987 1806 cum
1006 1749 1164 1807 Germanis
1176 1770 1246 1810 con.

251 1836 367 1903 sentim,
389 1853 477 1892 unam
498 1853 564 1892 esse
585 1836 616 1892 in
639 1835 788 1894 celeritate
817 1837 936 1912 positam
960 1837 1094 1896 salutem.
1144 1839 1247 1899 Cottae

253 1923 381 2000 quidem,
397 1933 484 1998 etque
505 1941 607 1980 eorum
629 1925 680 1998 qui
701 1925 884 1983 dissentirent
908 1927 1071 1997 consilium,
1086 1944 1174 2004 quem
1196 1931 1245 1988 he·

253 2011 334 2068 beret
354 2012 488 2070 exituml
526 2011 562 2085 ln
578 2030 635 2086 quo
655 2013 680 2071 si
700 2031 758 2070 non
779 2033 915 2091 prsesens
935 2018 1108 2092 periculum,
1123 2029 1246 2078 atcerte

199 2109 241 2166 20
254 2099 411 2177 longinque
425 2100 570 2160 obsidione
585 2100 676 2160 sames
690 2112 765 2160 esset
779 2105 1018 2178 pertimeseenda.

295 2189 391 2247 XXX.
413 2189 481 2248 Hac
495 2191 525 2248 in
539 2199 692 2268 unamque
706 2201 816 2269 partem
830 2192 1020 2270 disputetione
1034 2197 1139 2267 habita,
1154 2215 1245 2275 quum

253 2299 272 2337 a
295 2279 386 2350 Cotts,
411 2281 569 2356 primisque
592 2279 748 2352 ordinibus,
774 2283 880 2340 acriter
904 2286 1093 2357 resisteretur,
1118 2283 1245 2358 Vincite,

253 2369 357 2446 inquit,
371 2371 396 2428 si
416 2371 458 2428 ita
471 2370 569 2441 vultis,
584 2369 710 2429 Sabinus
719 2391 728 2444 ;
750 2382 779 2430 et
801 2371 830 2430 id
852 2372 977 2432 clariore
991 2393 1072 2446 voce,
1087 2386 1119 2434 ut
1139 2395 1245 2456 magua

254 2478 321 2536 pers
345 2461 469 2519 militum
492 2459 659 2520 exaudiret:
681 2461 786 2536 Neque
806 2462 832 2520 is
851 2481 927 2532 sum,
942 2463 1043 2541 inquit,
1065 2467 1115 2541 qui
1135 2467 1244 2542 gravis-

201 2559 241 2614 us
253 2551 326 2608 sime
338 2569 374 2608 ex
384 2551 465 2610 vebis
479 2551 579 2610 mortis
589 2551 718 2628 periculo
732 2559 859 2608 terreer:
874 2552 904 2608 bi
918 2554 1038 2628 sapient,
1048 2565 1077 2612 et
1089 2556 1114 2612 si
1127 2557 1247 2631 gravius

253 2640 323 2716 quid
338 2640 486 2710 sooiderit,
496 2641 547 2698 abs
561 2651 589 2699 te
600 2641 740 2698 rationem
755 2651 920 2718 reposcent:
934 2644 994 2718 qui,
1004 2644 1029 2700 si
1043 2661 1094 2719 per
1107 2653 1135 2701 te
1149 2644 1246 2715 liceat,

254 2729 410 2804 perendino
433 2730 478 2787 die
495 2749 564 2788 curn
585 2731 722 2806 proximis
744 2731 871 2788 hibernis
893 2732 1048 2806 conjuncti,
1063 2751 1247 2792 communem

253 2833 324 2874 oum
346 2817 466 2892 reliquis
488 2817 558 2876 belli
580 2838 681 2877 casum
703 2819 870 2888 sustineant,
886 2837 940 2876 nec
955 2820 1055 2896 rejecti
1075 2833 1104 2879 et
1127 2822 1247 2899 relegati

253 2900 340 2977 longe
354 2904 392 2960 sb
404 2907 529 2962 caeteris
543 2917 594 2966 sut
608 2907 685 2966 ferro
698 2919 750 2965 aut
767 2907 843 2965 lame
857 2909 1008 2967 intereant.

201 2997 242 3054 90
267 3029 271 3036 .
296 2988 406 3046 XXXI.
427 2991 620 3069 Consurgitur
642 3013 678 3054 ex
701 2999 841 3070 consili03
870 2999 1115 3073 comprehendunt
1136 3011 1246 3059 utrum.

254 3093 312 3151 que
325 3087 355 3134 et
368 3087 459 3147 orent,
475 3079 523 3137 Ne
537 3100 591 3139 sua
605 3084 780 3144 dissensione
801 3095 829 3144 et
853 3088 1011 3164 pertinacis
1033 3105 1094 3145 rem
1117 3089 1147 3144 in
1167 3107 1247 3148 sum.

254 3179 335 3220 mum
359 3166 523 3240 periculum
544 3167 706 3230 deducant:
728 3174 844 3233 facilem
865 3195 928 3233 esse
950 3193 1020 3246 reru,
1034 3193 1086 3234 seu
1100 3191 1247 3251 meneant,

255 3268 307 3309 seu
322 3251 552 3331 prulloiscontnr,
566 3259 591 3313 si
605 3259 688 3317 modo
702 3278 792 3320 unum
809 3283 908 3323 omnes
922 3266 1044 3323 sentient
1058 3283 1093 3323 sc
1108 3267 1245 3344 probentg

254 3350 355 3398 contra
378 3339 409 3398 in
432 3341 608 3403 dissensione
632 3349 744 3406 nullam
768 3371 799 3410 se
821 3355 945 3412 salutem
972 3356 1143 3432 perspicere.
1186 3357 1248 3418 Res

202 3437 242 3492 aa
255 3428 445 3506 disputatione
469 3433 504 3491 sd
529 3434 654 3493 mediam
681 3449 794 3497 noctem
822 3443 1000 3519 perducitur.
1042 3445 1174 3504 Tandem
1199 3448 1258 3508 dst·

254 3519 337 3578 Cotta
350 3529 495 3598 permotus
508 3539 631 3595 menus3
654 3537 770 3601 superet
784 3534 924 3590 sententie
938 3533 1049 3592 Sabini.
1090 3535 1247 3595 Pronunei·

255 3617 330 3678 stur,
356 3610 449 3685 prims
472 3611 540 3669 luce
565 3613 674 3670 ituros:
703 3619 883 3676 consumitur
906 3623 1015 3698 vigiliis
1039 3623 1153 3699 relique
1179 3643 1248 3701 pers

254 3697 355 3766 noctis,
370 3714 461 3773 quum
474 3719 529 3758 sus
541 3702 664 3778 quisque
686 3703 769 3762 mnes
793 3707 1042 3785 circumspiceret,
1057 3712 1126 3788 quid
1146 3729 1248 3772 secum

257 3792 370 3857 portare
390 3799 494 3862 posset,
513 3791 581 3864 quid
602 3809 639 3848 ex
660 3794 850 3853 instrumento
873 3797 1059 3857 hibernorum
1082 3802 1248 3878 relinquere
