2844 4340
133 385 136 392 ‚
191 302 345 362 umor-su.)
576 307 859 364 mmeramme.
1179 309 1241 372 100

191 447 324 522 pervenit
336 467 350 518 ;=
370 443 500 524 vadoque
518 465 573 524 per
597 450 709 526 eqrtites
733 451 862 520 invento,
882 453 991 528 protei
1015 455 1189 514 emussitata

185 539 356 614 opportuno,
369 547 401 594 ut
415 537 535 597 brachia
549 539 630 598 modo
645 549 732 616 atque
746 542 859 599 humeri
874 542 913 600 ad
923 543 1091 608 anaunenda
1106 563 1188 606 arma

190 627 273 685 liberi
302 629 339 686 ab
367 645 443 703 aqua
473 646 537 686 esse
565 640 687 706 possent,
716 631 851 708 disposito
880 635 1020 709 equitatu,
1048 636 1099 710 qui
1127 636 1187 694 vim

102 797 104 802 ,
191 717 317 776 fluminis
332 717 513 794 refringeret,
526 728 612 794 atque
627 720 755 780 hostibus
768 723 860 798 primo
873 733 992 799 aspectu
1004 724 1185 800 perturbatis,

189 808 364 867 incolumem
388 809 548 866 exercitum
571 810 720 869 traduxit:
747 810 981 888 frumentumque
1004 813 1034 870 in
1059 815 1137 891 agris
1153 821 1219 878 etc

179 899 303 988 ¹copiam·
323 899 437 974 pecoris
459 909 572 968 nectus,
587 900 700 976 repleto
715 902 751 958 iis
765 902 855 960 rebus
865 905 1006 974 exemitu,
1021 905 1081 962 iter⁴
1090 905 1120 962 in
1134 904 1185 962 Se·

190 1005 277 1046 nones
292 987 389 1046 facere
404 989 536 1046 instituit.
630 1009 631 1014 ¹

175 1147 177 1150 Ι
228 1077 324 1136 LVII.
354 1076 433 1134 Dum
448 1079 521 1136 haec
539 1079 615 1155 apud
632 1079 800 1148 Cesaram,
813 1092 965 1160 geruntur,
981 1082 1132 1142 Labienus
1151 1103 1186 1144 eo

188 1168 395 1244 mpplementq
399 1167 485 1244 quod
501 1185 594 1246 nuper
614 1188 651 1226 ex
672 1170 756 1230 Italia
771 1181 898 1241 venerat,
914 1172 1020 1228 relicto
1029 1173 1184 1248 Agendici,

189 1267 220 1316 ut
240 1268 316 1316 esset
337 1259 548 1335 impedimentis
562 1248 714 1336 praesidio,
729 1279 799 1318 cum
813 1279 846 1317 ιιι
860 1261 1022 1344 legionibus
1037 1260 1185 1320 Lutetiam
1201 1261 1238 1317 10

186 1332 390 1423 proficiscitur.
433 1347 465 1406 Id
486 1359 530 1406 cst
549 1349 684 1425 oppidum
706 1349 893 1418 Parisiorum,
909 1349 1032 1424 positum
1044 1348 1189 1406 ininsula

188 1437 315 1496 flunrinis
326 1437 488 1514 Sequanae.
531 1438 632 1516 Cujus
626 1439 764 1496 adventu
779 1438 816 1494 ab
831 1438 960 1496 hostibus
969 1439 1093 1516 cognito,
1105 1455 1184 1515 mag

187 1547 242 1586 uae
267 1547 303 1591 ex
326 1529 456 1588 finitimis
480 1529 655 1587 civitatibus·
672 1525 774 1606 copiae
801 1538 1014 1590 convenerunt.
1064 1529 1186 1588 Summa

187 1619 300 1696 imperii
321 1619 444 1680 traditur
463 1619 661 1696 Camulogeno
683 1619 833 1688 Aulerco,
846 1620 906 1696 qui,
927 1635 1014 1697 prope
1036 1619 1186 1684 coniectus

188 1719 290 1794 aetate,
303 1719 401 1768 minen
423 1720 537 1787 propter
560 1710 741 1786 singularem
762 1710 915 1774 scientiam
936 1711 979 1768 rei
1000 1709 1134 1768 militaris
1148 1710 1185 1768 ad
1200 1711 1237 1768 15.

187 1789 255 1859 eum
277 1810 320 1858 est
340 1801 478 1857 honorem
499 1809 650 1858 evocatus
693 1798 722 1858 Is
742 1817 840 1876 quum
848 1789 1106 1871 sumadvsriisser,
1121 1819 1184 1877 per,

188 1899 304 1966 petuam
318 1909 391 1948 esse
394 1889 539 1966 paludem,
548 1909 624 1966 quae
632 1890 784 1954 influeret'
777 1909 807 1948 in
818 1890 993 1967 Sequanam,
1004 1901 1092 1968 utque
1100 1891 1185 1950 illum

186 1999 303 2038 omnem
314 1979 415 2038 locum
430 1995 606 2056 magnopere
628 1979 786 2056 impeditet,
802 1981 850 2038 liic
863 1982 1001 2052 consedit,
1017 1991 1184 2058 nostrosque

186 2071 308 2128 transitu
323 2069 496 2147 prohibere
489 2069 620 2132 instituit.
940 2107 945 2114 -

208 2159 336 2219 LVIII.
378 2159 528 2217 Labienus
555 2159 647 2235 primo
675 2160 776 2218 vineas
807 2179 904 2240 agere,
933 2162 1062 2220 cratibus
1097 2171 1184 2238 atque
1197 2143 1242 2225 20

186 2269 293 2328 aggere
304 2249 440 2326 paludem
453 2249 682 2325 expletumque
696 2251 751 2307 iter
764 2252 879 2308 rnunIre
890 2252 1062 2309 conabatur.
1105 2251 1184 2309 Post-

185 2360 274 2418 quam
298 2339 327 2397 id
355 2338 501 2399 difficilius
524 2339 644 2398 confieri
667 2339 878 2409 animadvertit,
902 2340 1015 2398 silentio
1040 2360 1061 2397 e»
1082 2342 1185 2398 castris

184 2432 270 2491 ‘tertia
292 2429 394 2507 vigilia
414 2445 559 2506 egressus,
584 2428 694 2498 eodem,
713 2438 914 2504 quoveneret,
929 2430 1032 2485 itiuere
1055 2428 1184 2487 Mandu.

186 2538 256 2580 num
270 2521 412 2598 pervenit.
454 2518 486 2577 Id
497 2529 541 2578 est
551 2517 686 2596 oppidum
702 2517 882 2586 Senonum,'
874 2534 904 2572 m
919 2516 1015 2574 insula
1029 2516 1185 2591 Sequanae

186 2613 319 2688 positum,
349 2619 380 2667 ut
407 2609 495 2685 paulo
523 2619 589 2666 ante
618 2607 767 2669 Lutetiam
792 2605 939 2662 diximus.
990 2603 1188 2682 Deprehensis
1198 2610 1237 2695 20

140 2694 141 2702 ’
186 2702 310 2760 navibus
323 2700 442 2758 circiter
455 2717 481 2769 ι,
496 2698 691 2776 celeriterque
706 2695 879 2772 conjunctis,
895 2705 982 2772 atque
996 2714 1031 2752 eo
1045 2687 1200 2756 militibus

186 2793 333 2870 impositis,
349 2791 434 2848 atrei
447 2789 573 2862 novitate
588 2789 746 2894 perterritis
760 2785 917 2864 oppidanis,
933 2789 1056 2864 quorum
1078 2803 1182 2862 magna

186 2891 328 2959 parserat
343 2880 378 2938 ad
393 2879 646 2949 bellumevoeata,
662 2879 725 2936 sine
746 2877 930 2936 contentione
946 2876 1049 2954 oppido
1066 2877 1182 2954 potitur.

188 2971 307 3030 Refecto
329 2979 422 3046 ponte,
437 2987 525 3044 quam
546 2967 743 3046 superioribus
752 2968 866 3048 diebus
880 2965 980 3027 ¹hostes
994 2967 1183 3039 resciderunt,

186 3063 347 3120 exercitum
355 3059 490 3130 traducit,
500 3059 663 3120 etsecundo
674 3060 794 3117 flumme
803 3058 841 3116 ed
857 3058 1005 3120 Lutetiam
1020 3060 1073 3117 iter
1088 3057 1183 3118 iacere
1196 3063 1236 3120 00

186 3153 307 3228 coepit·
332 3149 494 3220 Hosthre
513 3140 632 3224 'cognita
653 3149 689 3206 ab
710 3142 755 3218 iis,
771 3149 822 3226 qni
845 3169 865 3206 a
882 3148 1035 3208 Meloduno
1048 3147 1183 3228 profuge.

187 3251 259 3311 rant,
285 3239 434 3299 Lutetiam
448 3238 629 3307 incendunt,
658 3247 815 3315 pontesque
842 3240 907 3315 ejus
933 3241 1030 3316 oppidi
1059 3238 1184 3298 rescindi

183 3331 305 3406 jubent:
327 3330 382 3407 ipsi
404 3327 525 3404 proiecti
547 3347 564 3386 a
586 3327 701 3404 palude,
717 3329 746 3386 in
766 3330 839 3405 ripis
857 3329 1019 3404 Sequanae,
1035 3349 1052 3387 e
1066 3328 1184 3404 regione
1275 3331 1280 3342 '

186 3419 329 3490 Lutetiae,
345 3431 445 3478 contra
459 3417 583 3478 Labieni
597 3403 699 3476 castra]
708 3419 870 3478 nmsIdunt.

219 3509 307 3568 LIX.
320 3508 397 3567 dam
410 3509 521 3566 Caesar
535 3529 552 3565 a
568 3508 715 3586 Gergovia
729 3508 897 3566 discessisse
911 3506 1103 3566 audiebatur:
1121 3501 1184 3577 jum
1198 3507 1236 3564 00

185 3598 220 3656 de
243 3600 417 3660 Aeduorum
437 3597 597 3658 defectione
620 3608 649 3656 et
671 3597 800 3656 mundo
822 3595 938 3653 Galliae
960 3606 1039 3652 motu
1053 3604 1185 3650 rumores

186 3688 391 3758 afferebantur,
417 3681 588 3792 Gallique
581 3707 611 3745 tn
636 3686 795 3760 colloquiis,
818 3683 1009 3740 interclusum
1031 3681 1134 3738 itinere
1155 3690 1185 3740 et
1290 3712 1295 3720 -

186 3777 288 3858 Ligeri
312 3779 479 3849 Caesarem,
502 3778 599 3855 inopia
623 3774 762 3833 frumenti
782 3779 926 3838 eoaotmn,
948 3771 978 3827 in
1001 3769 1183 3830 Provinciam

185 3869 367 3928 contendisse
378 3868 595 3926 confirmabant
639 3861 787 3921 Bellovaci
796 3870 905 3928 autem,
913 3857 1072 3920 desectione
1085 3858 1183 3918 tado
1236 3913 1239 3919 ,
