2826 4336
169 301 230 362 104
520 301 568 352 nn,
583 301 689 352 nunno
707 297 851 348 nantino
1051 295 1119 348 [Car.
1129 298 1208 348 resta

218 446 350 514 nidores,
365 461 481 519 queque
495 459 563 519 pars
584 439 708 498 hostium
730 434 940 494 confertissima
954 433 1017 490 visa
1036 441 1088 502 eat,
1103 433 1134 490 in
1146 449 1210 490 earn

219 535 362 610 irrumpit.
405 533 453 590 Ne
468 531 605 588 Varenus
625 527 742 604 quidem
758 537 820 584 tum
835 524 913 582 vallo
931 542 997 580 sese
1011 523 1146 592 continet,
1161 519 1211 578 sed

219 624 349 682 omnium
363 623 473 680 veritus
487 619 727 678 existimationem
741 614 936 690 subsequitur.
968 611 1107 673 Mediocri
1121 610 1211 686 spatio

220 713 329 782 relicto,
342 710 435 769 Pulfio
448 710 540 787 pilum
559 709 590 765 in
604 709 699 765 hostes
717 706 811 774 mittit,
827 714 912 779 atque
928 720 1019 760 unum
1033 721 1069 760 ex
1084 701 1210 758 multitu·

187 799 286 866 5diue
314 809 530 878 procurrentem
555 795 707 872 transjicit,
736 814 793 869 quc
820 810 958 870 percusso
984 801 1013 848 et
1039 791 1211 858 exanimato,

219 891 298 951 hunc
310 890 401 948 scutis
410 895 562 965 protegunt
576 885 679 954 hostes,
690 885 720 942 in
734 884 817 940 illum
831 882 960 940 universi
973 879 1031 938 tela
1044 879 1212 954 conjiciunt,

127 999 130 1006 ⁴
219 997 315 1054 neque
343 979 412 1036 dant
435 975 618 1052 regrediendi
647 973 826 1031 facultatem.
880 969 1075 1045 Transfigitur
1095 977 1212 1026 scutum

221 1065 354 1137 Pulfioni,
376 1077 405 1124 et
422 1077 559 1124 verutum
580 1065 610 1122 in
625 1063 719 1120 balteo
741 1062 884 1138 defigitur.
928 1059 1042 1116 Avertit
1056 1057 1103 1114 hio
1125 1073 1213 1113 casua

221 1157 368 1232 vaginam,
385 1167 413 1214 et
426 1155 556 1232 gladium
577 1153 703 1212 educere
725 1152 839 1226 conanti
859 1149 990 1208 dextram
1011 1155 1138 1205 moratur
1152 1163 1212 1202 ma-

140 1293 148 1300 .
171 1255 209 1314 ιο
222 1263 313 1302 num:
334 1246 504 1323 impeditum
525 1245 620 1303 hostes
635 1242 861 1320 circumsistunt.
903 1239 1057 1298 Succurrit
1077 1235 1215 1298 inimicus

221 1334 266 1392 illi
280 1335 427 1406 Varenus,
442 1346 470 1393 et
492 1333 633 1392 laboranti
655 1331 798 1390 subvenit.
842 1328 891 1387 Ad
911 1328 989 1386 hunc
1012 1345 1043 1384 sa
1066 1323 1215 1384 confestim

223 1423 386 1486 aPulfione
400 1426 493 1484 omnis
507 1423 659 1481 multitudo
679 1421 820 1480 convertit
832 1439 841 1492 ;
863 1419 947 1478 illum
962 1427 1064 1476 veruto
1084 1414 1214 1472 transfix-

223 1531 275 1570 um
300 1515 485 1572 arbitrantur.
538 1511 684 1570 Occursat
707 1512 788 1567 ocius
812 1509 916 1584 gladio,
941 1509 1131 1582 cominusque
1155 1521 1217 1562 ram

222 1603 298 1677 gerit
311 1600 457 1668 Varenus,
477 1609 572 1674 atque,
597 1618 654 1656 uno
677 1598 836 1666 interfecto,
863 1597 991 1671 reliquos
1011 1597 1132 1672 paulum
1154 1611 1216 1672 pro·

173 1701 211 1758 15
223 1687 324 1764 pellit:
356 1688 426 1746 dum
449 1686 584 1761 cupidius
607 1687 701 1754 instat,
725 1687 755 1742 in
777 1687 875 1742 locum
897 1683 1027 1758 dejectus
1051 1683 1218 1742 inferiorem

223 1775 358 1832 concidit.
401 1775 480 1831 Huic
505 1791 606 1830 rursus
630 1774 828 1830 circumvento
853 1771 907 1828 fert
931 1773 1091 1830 subsidium
1113 1773 1218 1843 Pulfin,

223 1875 310 1938 atque
325 1864 408 1920 ambo
427 1861 596 1930 incolumes,
611 1861 808 1936 compluribus
829 1859 996 1929 intersectis,
1011 1879 1126 1918 summa
1148 1881 1219 1920 oum

224 1951 309 2010 leude
331 1971 394 2008 sese
416 1950 491 2006 intra
514 1949 686 2006 munitiones
708 1949 861 2025 recipiunt.
903 1947 954 2006 Sic
976 1948 1091 2007 fortuna
1105 1950 1136 2006 in
1149 1969 1219 2010 oon·

224 2040 348 2098 tentione
363 2047 391 2097 et
405 2038 563 2096 certamine
579 2048 733 2113 utrumque
748 2037 883 2106 persevit,
896 2047 927 2095 ut
942 2037 1015 2096 alter
1029 2037 1113 2096 alteri
1124 2039 1219 2098 inimi.

172 2141 212 2200 20
225 2147 279 2187 cns
293 2129 400 2186 auxilio
414 2127 557 2202 salutique
572 2138 657 2197 esset,
672 2145 766 2204 neque
787 2125 942 2202 dijudicari
964 2137 1066 2204 posset,
1082 2139 1147 2186 uter
1161 2131 1219 2189 utri

225 2219 331 2276 virtute
344 2215 546 2276 anteferendus
561 2216 719 2276 videretur.

266 2305 360 2366 XLV.
383 2306 501 2374 Quanto
515 2315 576 2364 erat
597 2307 627 2362 in
648 2305 710 2364 dies
729 2306 847 2383 gravior
861 2316 947 2382 atque
970 2308 1098 2384 asperior
1110 2328 1217 2386 oppug-

224 2397 311 2466 natio,
323 2406 352 2454 et
365 2395 491 2454 maxime
504 2395 593 2471 quod,
609 2415 715 2472 magna
729 2406 809 2474 parte
824 2395 949 2454 militurn
970 2397 1103 2456 confecta
1118 2398 1217 2456 vulue-

224 2487 314 2558 ribus,
330 2506 376 2548 res
390 2485 425 2544 ad
437 2486 612 2562 paucitatem
625 2485 810 2544 defensorum
823 2497 1097 2562 pommeranicum
1110 2487 1217 2546 crebri·

173 2587 212 2646 25
225 2593 292 2636 ores
318 2576 419 2634 literae
446 2575 605 2650 nunciiqne
634 2574 669 2636 ad
691 2575 847 2634 Caesarem
870 2577 1074 2636 mittebantur:
1094 2595 1218 2653 quornm

225 2683 293 2742 pars
307 2667 483 2743 deprehensa
498 2666 528 2722 in
542 2675 698 2743 conspectu
719 2675 881 2722 nostrorum
902 2667 1027 2726 militurn
1041 2685 1110 2726 oum
1123 2667 1218 2724 cruci.

226 2766 276 2814 atu
298 2757 466 2814 necabatur.
510 2754 582 2814 Erat
601 2773 677 2812 unus
698 2755 777 2813 intus
794 2754 938 2826 Nervius,
954 2757 1068 2814 nomine
1089 2755 1218 2826 Vertioo,

225 2843 289 2902 leco
303 2856 388 2902 natus
402 2845 528 2912 honesto,
543 2846 594 2919 qui
607 2864 626 2901 a
640 2844 733 2921 prima
754 2843 899 2902 obsidione
920 2845 957 2902 ad
971 2845 1141 2904 Ciceronem
1155 2863 1218 2921 per·

226 2929 350 3006 fugeret,
365 2950 507 3006 suamque
521 2933 549 2987 ei
568 2933 654 2989 fidem
668 2935 869 3010 praestiterat„
900 2933 958 2992 Hic
972 2952 1056 2992 servo
1069 2953 1119 3009 spe
1133 2933 1218 2992 liber·

175 3029 214 3086 30
226 3019 292 3074 tatis
315 3019 485 3094 magnisque
504 3021 657 3094 persuadet
679 3024 825 3098 praemiis,
841 3033 873 3082 ut
892 3022 991 3080 literas
1013 3022 1047 3078 ad
1061 3022 1219 3080 Caesarem

227 3105 346 3162 deferat.
387 3103 451 3164 Has
475 3106 525 3164 illa
546 3108 575 3163 in
597 3109 697 3184 jaculo
717 3112 844 3190 illigatas
864 3111 954 3181 effert,
969 3120 998 3167 et
1017 3109 1123 3167 Gallus
1143 3111 1220 3169 inter

228 3191 330 3251 Gallos
350 3194 412 3250 sine
434 3193 495 3252 nlla
516 3198 681 3272 suspicione
696 3211 838 3271 versatus,
859 3201 895 3259 ad
909 3200 1064 3259 Caesarem
1078 3201 1219 3276 pervenit.

227 3283 278 3342 Ab
292 3302 325 3340 eo
339 3282 374 3339 de
389 3282 527 3359 periculis
540 3283 690 3344 Ciceronis
700 3287 879 3366 legionisque
892 3291 1085 3367 cognoscitur.
1123 3357 1126 3364 .

269 3370 378 3430 XLVI.
411 3371 528 3443 Caesar,
558 3377 685 3453 acceptis
712 3377 804 3438 literis
828 3381 899 3438 hora
926 3381 1043 3440 circiter
1067 3379 1222 3440 undecima

175 3475 215 3532 85
228 3463 294 3534 diei,
310 3465 406 3522 statim
420 3464 562 3522 nuncium
582 3466 612 3522 in
628 3465 799 3526 Bellovacos
820 3468 856 3527 ad
872 3470 913 3527 M.
929 3470 1069 3530 Crassum
1089 3481 1221 3546 quaesto·

228 3572 290 3611 rem
304 3554 398 3623 mittit,
413 3553 499 3628 cujus
512 3553 634 3610 hiberna
655 3555 774 3616 aberent
789 3559 824 3614 ab
839 3577 873 3616 ee
887 3561 980 3618 millia
994 3579 1132 3637 passuum
1146 3579 1220 3619 xxv.

227 3641 315 3702 iubet
333 3643 427 3700 media
455 3651 538 3700 nocte
565 3641 707 3720 legionem
737 3647 889 3721 proticisci,
913 3650 1105 3725 celeriterque
1133 3650 1169 3707 ad
1190 3669 1222 3708 se

228 3733 338 3788 venire.
380 3731 460 3788 Exiit
474 3751 542 3790 oum
556 3733 663 3790 nuncio
677 3731 811 3792 Crassus.
852 3737 988 3794 Alterum
1003 3740 1037 3798 ad
1050 3739 1084 3797 C.
1097 3739 1223 3796 Fabium

228 3815 358 3892 legatum
372 3820 465 3890 mittit,
481 3830 512 3878 ut
526 3821 556 3878 in
571 3821 758 3880 Atrebatium
772 3823 844 3880 fines
858 3825 1001 3904 legionem
1015 3828 1149 3898 adducat,
1164 3845 1224 3904 qua
