2826 4336
149 293 211 364 terr
505 307 549 356 nn
566 305 673 356 nanno
688 305 834 355 caturco
1098 303 1165 358 ren.
1175 311 1195 352 s.

199 464 265 519 nus,
280 465 412 507 summae
426 445 569 524 potentiae
584 443 762 512 adolescens,
778 441 878 518 (eujus
899 451 981 517 pater
1000 441 1197 518 principatum

196 540 315 598 Galliae
338 539 425 596 totius
446 537 618 606 obtinuerat,
633 544 662 594 et
683 533 719 590 ob
740 551 806 591 eam
829 551 959 616 capsam,
974 531 1049 608 quod
1073 550 1197 610 regnum

195 627 359 704 appetebat,
375 627 411 684 ab
425 626 542 684 civitate
557 633 620 681 erat
634 621 831 698 interfectus)
845 623 1011 680 convocatis
1032 622 1093 680 suis
1108 622 1197 678 olien-

189 718 286 786 'tibus
309 716 395 774 facile
417 735 467 773 ecs
489 713 628 771 incendit.
670 712 792 789 Cognito
816 711 881 787 ejus
903 711 1031 780 consdio,
1056 709 1101 767 ad*
1115 729 1197 767 arma

166 807 404 864 bconeurrr'mr:
425 805 462 862 ab
483 803 685 870 Gobanitioue,
699 811 801 877 patrue
822 819 883 869 suo,
900 799 1077 876 reliquisque
1092 799 1197 876 princi·

196 895 291 970 pibus,
307 896 357 971 qui
372 895 448 952 benc
463 891 629 950 tentandam
644 890 789 947 fortunam
800 907 857 948 non
868 889 1083 958 *existimabant
1099 889 1197 965 expel-

198 982 319 1041 liturex
332 983 435 1059 oppido
450 981 616 1058 Gergovia:
637 998 694 1036 non
709 979 816 1036 destitit
835 989 943 1048 tamen,
959 977 1044 1054 atque
1066 978 1096 1034 in
1118 979 1198 1055 agris

196 1071 285 1132 babet
298 1072 438 1130 dilectum
453 1071 601 1149 egentium
615 1087 651 1126 ac
665 1067 853 1144 perditorum.
896 1067 962 1124 Hac
982 1076 1082 1126 coacta
1095 1083 1196 1136 manu,

198 1176 389 1237 quoscunque
413 1161 472 1218 adit
496 1179 532 1216 ex
547 1159 674 1227 civitate,
691 1158 726 1215 ad
749 1175 832 1216 snam
854 1160 1025 1214 sententiam
1047 1156 1198 1232 perducit:

146 1241 186 1310 ld
199 1249 340 1320 hortatur,
356 1260 388 1307 ut
401 1249 567 1308 communis
586 1247 727 1306 libertatis
748 1263 838 1306 causa
859 1265 941 1304 arma
962 1248 1097 1324 capiant:
1118 1262 1198 1322 mag·

198 1341 303 1418 nisque
318 1341 427 1398 coactis
448 1341 548 1416 copiis,
563 1339 743 1398 adversarios
763 1356 877 1406 suos,a
898 1337 1004 1413 quibus
1024 1337 1111 1413 paulo
1132 1346 1200 1394 ants

198 1440 263 1488 erat
284 1432 405 1508 ejectus,
421 1430 539 1507 expellit
559 1447 596 1484 ex
617 1427 745 1485 civitate.
790 1427 854 1484 Rex
877 1427 914 1483 ab
935 1428 997 1483 suis
1019 1426 1200 1502 appellatur:

198 1518 315 1576 dimittit
336 1535 555 1594 quoquoversus
574 1517 750 1593 legationes:
771 1516 938 1585 obtestatur,
955 1525 986 1572 ut
1007 1515 1037 1571 in
1061 1515 1117 1572 fide
1139 1531 1210 1572 ma*

199 1617 298 1664 neunt.
340 1607 484 1664 Celeriter
504 1607 559 1662 sibi
580 1605 718 1674 Senones,
733 1603 869 1673 Parisios,
884 1603 1027 1672 Pictones,
1040 1605 1200 1673 Cadurcos,

148 1699 186 1755 ib
200 1693 343 1763 Turones,
367 1695 523 1761 Aulercos,
545 1693 729 1762 Lemovices,
750 1693 860 1760 Andes,
882 1693 1066 1766 reliquosque
1089 1713 1201 1764 omnes,

198 1784 250 1858 qui
264 1783 417 1856 Oeeanum
432 1783 584 1856 attingunt,
600 1780 746 1856 edjungit:
768 1781 898 1838 omnium
920 1797 1063 1838 consensu
1078 1782 1114 1840 ad
1130 1802 1200 1840 eum

199 1870 329 1930 defertur
342 1871 510 1944 imperium.
550 1869 620 1932 Qua
640 1868 736 1925 oblata
757 1878 906 1944 potestate,
920 1868 1054 1926 omnibus
1069 1869 1114 1928 his
1129 1873 1201 1929 civi.

198 1960 307 2016 tatibus
316 1957 429 2014 obsides
442 1958 573 2032 imperat,
588 1961 701 2013 certum
715 1975 871 2013 numerum
885 1957 1009 2013 militum
1025 1958 1062 2014 ad
1076 1978 1107 2016 se
1122 1961 1202 2018 cele.

200 2049 270 2104 riter
285 2045 389 2104 adduci
401 2046 503 2120 jubet:
524 2061 672 2102 armorum
685 2056 827 2120 qnantum
841 2063 976 2122 quaeque
991 2045 1095 2105 civitas
1109 2049 1198 2119 domi,

148 2135 333 2212 uuquodqus
357 2145 423 2192 ante
444 2145 558 2211 tempus
581 2133 698 2204 alliciat,
713 2136 879 2208 constituit3
902 2137 931 2192 in
947 2136 1047 2213 primis
1058 2139 1199 2214 equitatui

200 2225 316 2284 studet:
349 2243 482 2282 summae
510 2223 676 2302 diligentiae
704 2243 851 2282 summam
878 2225 991 2302 imperii
1015 2229 1201 2286 severitatem

200 2315 298 2372 addit:
321 2314 518 2390 magnitudine
533 2313 669 2391 supplicii
690 2315 855 2372 dubitantes
876 2316 973 2393 cogit;
995 2333 1074 2386 nam,
1090 2317 1200 2392 majore

200 2405 353 2462 commisso
365 2403 479 2474 delicto,
489 2405 550 2481 igni
565 2414 650 2480 atqua
662 2405 952 2463 omnibustormentis
962 2417 1048 2463 necat
1058 2425 1067 2478 ;
1091 2407 1201 2464 leviora

143 2521 148 2532 ·
198 2491 237 2552 de
250 2513 351 2564 causa,
365 2494 486 2552 auribus
500 2493 633 2563 desectis,
644 2505 693 2551 aut
708 2494 832 2571 singulis
845 2493 956 2552 eilbssis
969 2495 1073 2563 oculis,
1082 2495 1201 2554 domum

147 2585 330 2654 Boremittit,
353 2595 385 2642 nt
407 2585 464 2642 sint
487 2585 607 2660 reliquis
627 2583 807 2654 documento,
823 2595 851 2642 et
871 2585 1068 2662 magnitudine
1090 2602 1201 2662 poenae

202 2682 382 2752 perterreant
396 2675 478 2734 alios.

241 2763 281 2820 V.
313 2763 369 2822 His
396 2763 549 2840 suppliciis
564 2763 710 2822 ‘celeriter
733 2773 836 2821 coacto
861 2764 1003 2832 exercitu,
1026 2763 1201 2823 Lucterium

201 2851 378 2920 Cadurcum,
394 2871 525 2911 summae
545 2856 690 2911 bominem
705 2853 856 2922 andaciae,
871 2869 938 2910 cum
953 2864 1034 2928 parte
1049 2855 1201 2929 copiarum

200 2939 233 2994 in
257 2937 387 2996 Rutenos
411 2942 514 2997 mittit:
551 2944 611 3016 ipse
633 2944 663 2999 in
688 2943 836 3020 Bituriges
864 2941 1069 3018 proficiscitur.
1124 2941 1202 3018 Ejus

149 3017 329 3087 §taurento
344 3025 491 3102 Bituriges
512 3029 547 3085 ad
564 3031 692 3101 Aeduos,
707 3051 831 3108 quorum
853 3042 935 3088 erant
958 3032 988 3088 in
1009 3031 1075 3100 fide,
1088 3029 1203 3108 legatos

201 3115 319 3171 mittunt
333 3115 495 3171 subsidium
515 3129 659 3193 rugatum,
678 3139 735 3195 quo
751 3119 867 3178 facilius
881 3120 1004 3178 hostium
1019 3120 1117 3196 copias
1137 3139 1200 3177 sus-

202 3203 295 3259 tinere
309 3203 427 3278 possint.
471 3205 568 3262 Aedui
583 3207 618 3263 de
632 3209 754 3266 consilio
767 3210 939 3286 legatorum,
951 3227 1025 3284 quos
1038 3209 1149 3266 Caesar
1163 3209 1201 3268 ad

201 3292 365 3350 exercitum
386 3292 555 3368 reliquerat,
569 3297 666 3369 copias
687 3299 832 3372 equitatus
853 3299 1052 3374 peditatusque
1073 3298 1204 3356 subsidio

202 3381 386 3459 Biturigibus
398 3385 523 3441 mittunt.
553 3383 613 3448 Qui
628 3403 720 3460 quum
734 3387 769 3443 ad
785 3389 893 3444 flumen
903 3387 1034 3465 Ligerim
1044 3387 1201 3458 venissent,

149 3471 279 3549 nequod
304 3472 453 3550 Bituriges
478 3473 515 3530 ab
537 3471 653 3530 Aeduis
673 3473 782 3545 dividit,
810 3495 918 3552 paucos
940 3477 1001 3534 dies
1025 3478 1065 3534 ibi
1086 3478 1202 3548 morati,

203 3579 300 3638 neque
321 3563 431 3620 flumen
452 3564 577 3620 transire
601 3563 674 3631 auri,
689 3561 806 3622 domum
829 3576 1023 3637 revertuntur,
1039 3567 1202 3643 legatisque

202 3653 309 3710 nostris
320 3653 502 3722 renunciant,
516 3652 555 3710 Se
570 3651 738 3730 Biturigum
752 3655 903 3730 perfidiam
917 3657 1022 3714 veritos
1037 3657 1202 3726 revertisse,

204 3741 311 3814 quibus
325 3741 352 3798 id
368 3743 481 3800 consilii
496 3741 586 3802 fuisse
600 3743 796 3820 cognoverint,
807 3753 847 3812 ut,
858 3746 882 3802 si
898 3743 1007 3802 flumen
1021 3746 1203 3814 mansissent,

204 3833 267 3884 aba
279 3845 316 3885 ez
328 3840 410 3904 parte
425 3831 488 3906 ipsi,
499 3831 592 3890 altere
606 3831 734 3890 Aruerni
746 3849 779 3890 se
794 3832 1051 3891 circumitionem.
1082 3833 1115 3894 ld
1128 3851 1204 3891 eane
