2834 4322
203 285 354 338 cnara]
592 284 867 340 transcurreres,
1193 286 1253 347 169

202 423 359 482 exteriores
374 425 556 496 munitiones,
572 436 600 484 et
615 427 652 484 ab
665 438 748 506 tergo
766 431 861 489 hostes
883 432 989 491 adoriri
1008 435 1100 511 jubet.
1143 435 1201 494 La-

203 513 314 584 bienus,
331 524 482 591 postquam
504 531 599 592 neque
624 537 748 596 aggeres
771 533 865 597 neque
888 523 980 582 fossae
996 527 1054 586 vim
1077 527 1202 584 hostium

202 606 346 662 sustinere
361 615 501 682 poterant,
517 609 627 665 coactis
648 609 918 689 undequadraginta
940 615 1113 686 cohortibus,
1128 631 1202 692 quos

202 713 239 751 ex
262 697 400 778 pmxirnis
422 697 572 776 praesidiis
597 697 737 757 deductas
761 699 819 758 fors
840 703 949 774 obtulit,
972 705 1202 782 Caesarem'per

202 785 324 842 nuncios
339 785 407 842 iacit
422 787 583 857 certiorem,
598 789 667 862 quid
683 787 849 848 faciendum
863 794 1016 852 existimet.
1065 799 1070 807 “
1213 797 1233 854 5

242 872 440 934 LXXXVIII.
485 875 642 935 Accelerat
657 874 775 950 Caesar,
792 891 823 938 ut
838 879 945 957 proelio
960 885 1082 943 Intersit.
1126 885 1201 961 Ejus

200 963 328 1039 adventu
353 981 389 1022 ex
413 966 508 1024 colore
530 968 650 1024 vestitus
672 971 795 1046 cognito,
812 969 883 1049 (quo
905 974 1011 1050 iusIgni
1033 975 1062 1031 in
1080 976 1201 1051 proeliis

203 1053 244 1110 uti
259 1055 473 1133 consueverat)
489 1059 650 1134 turmisque
660 1054 795 1134 ¹equitum
811 1067 839 1118 et
853 1063 1018 1120 cohortibus
1033 1066 1112 1134 risis,
1127 1081 1202 1140 quas

201 1163 233 1200 se
256 1146 338 1220 sequi
358 1145 494 1220 jusserat,
511 1157 542 1204 ut
564 1147 600 1204 de
623 1147 694 1205 locis
714 1151 912 1225 superioribus
933 1151 1006 1208 haec
1028 1151 1152 1209 declivia
1172 1161 1202 1209 et

201 1233 314 1292 devexa
328 1235 532 1306 cernebantur,
548 1237 643 1294 hostes
655 1239 798 1312 proelium
814 1242 1004 1296 committunt.
1049 1241 1201 1316 Utrimque
1215 1238 1253 1300 it

201 1323 329 1382 clariore
344 1325 465 1395 sublato,
478 1327 585 1402 excipit
601 1342 703 1384 rursus
717 1347 753 1384 ex
766 1329 844 1386 vallo
860 1339 945 1404 atque
960 1330 1094 1386 omnibus
1108 1331 1200 1386 muni-

201 1413 328 1472 tionibus
351 1415 471 1472 clamor.
515 1416 625 1486 Nostri,
641 1417 754 1474 omissis
778 1419 852 1494 pilis,
874 1417 980 1495 gladiis
1001 1437 1062 1475 rem
1084 1428 1199 1496 gerunt:

202 1502 332 1580 Repente
355 1515 416 1580 post
436 1515 550 1582 tergum
573 1507 717 1583 equitatus
737 1509 887 1566 cernitur:
909 1509 1040 1565 cobortes
1055 1509 1130 1565 aliae
1153 1529 1200 1585 ap-

202 1594 394 1669 propinquant
407 1615 412 1651 :
429 1594 524 1653 hostes
539 1605 621 1673 terga
633 1607 749 1654 vertunt
762 1617 768 1654 :
785 1595 964 1674 fugientibus
976 1599 1088 1673 equites
1098 1617 1199 1656 occur-

202 1693 290 1741 runt:
312 1683 343 1740 fit
358 1703 466 1762 magna
479 1685 595 1742 caedes.
637 1686 784 1757 SeduliuS,
800 1687 859 1744 dux
874 1697 903 1744 et
917 1687 1052 1764 princeps
1067 1686 1199 1745 Lemavi·
1215 1693 1252 1749 15

201 1793 279 1843 cum,
291 1774 454 1832 occiditur:
470 1774 715 1852 Vergasillaunus
727 1777 884 1836 Arvernus
896 1778 980 1834 vivus
994 1779 1024 1834 iu
1040 1777 1110 1855 fuge
1125 1797 1200 1836 com-

200 1863 405 1940 prehenditur:
428 1865 512 1942 signa
527 1866 664 1924 militaria
680 1885 772 1924 cxxiv
784 1867 820 1924 ad
834 1867 991 1925 Caesarem
1014 1867 1199 1926 referuntur:

200 1955 288 2030 pauci
316 1973 352 2012 ex
380 1965 459 2012 tanto
487 1973 609 2012 numero
636 1975 667 2013 se
696 1957 857 2014 incolumes
874 1957 903 2014 in
925 1967 1022 2015 castra
1045 1957 1199 2033 recipiunt.

198 2043 365 2122 Conspicati
389 2063 426 2101 ex
448 2044 550 2120 oppido
575 2045 694 2104 caedem
719 2056 747 2103 et
771 2044 870 2125 fugam
895 2066 1023 2116 suorum,
1049 2046 1202 2122 desperata

198 2134 303 2204 salute,
319 2136 416 2210 copias
431 2153 449 2190 a
463 2135 669 2192 munitionibus
687 2135 840 2194 reducunt.
883 2137 930 2194 Fit
944 2137 1082 2212 protinus,
1098 2136 1153 2194 hac
1169 2154 1200 2194 re
1213 2137 1252 2192 20

199 2223 307 2294 audita,
323 2243 359 2280 ex
374 2225 478 2281 castris
489 2223 642 2281 Gallorum
655 2223 734 2301 suga.
778 2225 864 2290 Quod
876 2227 931 2282 nisi
942 2221 1054 2284 creb'ris
1064 2225 1200 2283 subsidiis

199 2331 235 2371 ac
258 2315 344 2370 totius
364 2313 420 2370 diei
442 2313 540 2370 labore
562 2313 668 2371 milites
690 2313 809 2372 fuissent
830 2313 944 2383 defessi,
959 2333 1060 2371 omnes
1074 2315 1200 2372 hostiurn
1231 2386 1233 2390 Ι

198 2404 299 2479 copiae
324 2401 413 2460 deleri
436 2403 603 2479 potuissent.
646 2401 691 2460 De
715 2403 809 2460 media
831 2412 914 2459 nocte
934 2403 1039 2458 missus
1054 2404 1200 2478 equitatus

197 2493 387 2550 novissimum
410 2511 515 2570 agmen
536 2493 742 2568 consequitur:
774 2509 897 2566 magnus
920 2508 1062 2546 numerus
1085 2491 1200 2566 capitur

197 2593 285 2658 atquc
299 2582 488 2640 interficitur:
511 2582 616 2658 reliqui
630 2601 666 2639 ex
682 2581 752 2658 suga
767 2581 796 2637 in
811 2580 942 2637 civitates
956 2577 1117 2636 discedunt.
1200 2583 1251 2638 25

239 2671 408 2730 LXXXIX.
451 2671 568 2730 Postero
582 2671 628 2729 die
643 2670 876 2746 Vercingetorix,
891 2667 1016 2739 concilio
1030 2677 1197 2738 convocate,

197 2761 230 2820 Id
251 2781 282 2820 se
304 2761 412 2820 bellum
434 2761 596 2837 suscepisse
616 2779 670 2818 non
691 2779 811 2817 suarum
826 2757 1041 2828 necessitatum,
1057 2758 1107 2815 sad
1122 2777 1198 2814 corn-

196 2852 294 2909 munis
313 2851 455 2908 libertatis
473 2869 573 2920 causa,
589 2849 783 2917 demonstrat:
805 2859 842 2919 et,
858 2849 994 2925 quoniam
1014 2849 1051 2906 sit
1066 2847 1198 2906 fortunae

195 2941 368 3011 cedendum,
383 2941 420 2998 ad
440 2951 592 3016 utramque
615 2959 678 2998 rem
701 2959 732 2997 se
756 2940 813 2996 illis
834 2937 947 3009 offerre,
962 2957 1015 2996 seu
1030 2950 1119 2998 morte
1144 2958 1199 2996 sua

196 3030 337 3091 Romanis
351 3029 529 3100 satisfacere,
541 3049 594 3086 seu
606 3031 706 3087 rivum
721 3029 834 3086 tradere
850 3029 950 3086 velint.
993 3029 1148 3088 Mittuntur
1162 3029 1197 3088 de
1211 3035 1250 3090 30

196 3121 241 3178 bis
264 3121 351 3178 rebus
374 3119 410 3177 ad
431 3119 588 3178 Caesarem
610 3119 707 3195 legati.
749 3117 837 3176 Jubet
857 3138 939 3176 arma
953 3119 1037 3190 tradi,
1053 3121 1198 3197 principes

195 3211 325 3286 produci.
369 3209 435 3286 lpse
457 3209 486 3266 in
509 3208 667 3266 munitione
690 3227 740 3285 pro
765 3211 868 3267 castris
888 3209 1036 3267 consedit:
1058 3229 1093 3268 eo
1107 3210 1197 3266 duces
1219 3199 1221 3204 ¹

194 3299 395 3376 producuntur
408 3319 414 3356 r
430 3298 655 3375 Vercingetorix
666 3297 789 3369 deditur,
802 3317 883 3356 arma
894 3299 1095 3376 projiciuntur.
1139 3296 1195 3352 Rc-

193 3390 317 3446 servatis
329 3387 443 3446 Aeduis
454 3398 540 3464 atque
553 3387 706 3458 Arvernis,
718 3389 742 3444 si
754 3407 805 3463 per
817 3409 865 3446 eos
876 3390 1008 3446 civitates
1021 3402 1196 3460 recuperare

193 3489 297 3556 posset,
309 3499 345 3536 ex
357 3479 477 3553 reliquis
488 3478 610 3554 captivis
621 3487 677 3534 tcto
688 3477 819 3534 exercitu
830 3478 926 3554 capita
940 3475 1058 3550 singula
1070 3470 1196 3548 praedae
1209 3475 1248 3530 35

191 3569 310 3626 nornine
326 3568 481 3625 distribuit.

234 3657 297 3716 XC.
340 3657 397 3718 His
412 3657 499 3714 rebus
513 3655 661 3727 confectis,
677 3657 708 3712 in
723 3655 843 3712 Aeduos
857 3649 1070 3728 proficiscitur3
1094 3645 1193 3702 civita-

190 3757 250 3808 tem
266 3748 378 3824 recipit.
423 3745 467 3807 Eo
481 3743 570 3824 legati
585 3746 621 3802 ab
637 3745 781 3802 Arvernis
796 3741 884 3809 missi,
896 3756 973 3814 quae
988 3737 1152 3810 imperaret,
1162 3751 1193 3791 se

191 3836 322 3896 lecturos
337 3837 520 3914 pollicentur.
564 3835 691 3913 Imperat
712 3848 852 3908 magnum
873 3843 1028 3884 numerum
1049 3821 1190 3881 obsidum.

677 3927 714 3980 15
