2804 4312
8 3919 10 3938 .
80 3847 85 3852 '
153 3841 245 3918 jubet.

158 312 213 358 Gar.
223 311 258 364 5.]
545 309 642 356 Ltssrttt
659 305 833 356 SfflUNDUS.
1166 301 1210 358 48

158 449 264 506 virtute
279 458 308 505 et
323 448 496 504 auctoritate
515 457 544 505 et
557 447 705 505 bominum
727 466 850 506 numero
868 447 986 506 valere:
1007 447 1059 505 hos
1073 463 1155 524 posse

157 539 303 596 conficere
329 547 442 594 armata
466 537 558 594 millia
582 549 720 594 eentum:
752 538 893 614 pollicitos
916 553 953 594 ex
977 555 1156 594 annumero

157 629 251 686 electa
280 627 372 684 millia
396 645 444 696 ux,
471 627 618 702 totiusque
636 625 712 684 ‘betti
739 628 893 704 imperium
920 627 975 684 sibi
996 627 1152 703 postulare.

157 719 330 778 Suessiones
354 735 423 774 suos
444 735 511 774 esse
537 717 692 789 finitimcs;
723 717 875 776 latissimos
903 717 1169 793 feracissimosque¹

156 827 242 886 agros
257 807 420 884 possidere:
442 806 517 882 apud
529 825 579 864 eos
594 805 685 870 luisae
694 825 792 884 regem
804 818 900 866 nostra
913 809 1000 865 etiam
1014 808 1186 866 memoriae

158 897 348 967 Divitiacum,
363 897 451 954 totius
465 895 582 954 Galliae
603 897 842 974 potentissimum,
855 897 906 973 qui
920 915 1011 973 quum
1029 915 1154 974 magnae

158 989 246 1065 partis
270 988 376 1046 harum
401 987 561 1064 regionum,
589 996 652 1044 tum
679 988 766 1045 ctiam
793 987 970 1056 Britanniae,
998 987 1154 1063 imperium

157 1078 332 1134 obtinuerit:
364 1093 443 1134 nunc
470 1095 534 1134 essa
559 1093 659 1153 regem
684 1076 828 1134 Galbam:
861 1075 897 1132 ad
925 1076 1013 1145 bunc,
1041 1085 1155 1152 propter

158 1167 297 1244 justitiam
320 1165 569 1241 prudentiamque,
590 1183 736 1223 summam
756 1166 844 1222 totius
864 1164 933 1222 balli
955 1166 1085 1222 omnium
1106 1181 1154 1220 vo·

158 1257 268 1312 luctata
290 1254 413 1312 deferri:
435 1255 540 1332 oppida
554 1255 661 1312 habere
683 1273 806 1310 numero
826 1271 888 1326 1113
910 1253 1041 1329 polliceri
1062 1251 1155 1310 millia
1169 1251 1208 1308 10

157 1354 271 1402 armata
281 1345 509 1421 quinquaginta:
530 1344 647 1402 totidem
661 1343 797 1412 Nervios,
808 1343 859 1418 qui
873 1343 998 1398 mamma
1013 1339 1067 1398 feri
1081 1342 1156 1398 inter

157 1435 237 1509 ipsos
250 1433 419 1503 habeantur,
437 1434 663 1511 longissimeque
685 1433 795 1492 absint:
817 1449 860 1490 xv
875 1431 968 1488 millia
983 1431 1154 1488 Atrebates:

159 1523 320 1580 Ambianos
335 1543 354 1580 x
369 1523 480 1580 millia:
502 1522 700 1581 Morinosxxv
712 1519 822 1580 millia:
843 1521 1033 1596 Menapioarx
1046 1519 1153 1578 millia:

158 1611 275 1670 Caletos
289 1632 308 1670 x
321 1614 431 1670 millia:
452 1611 627 1670 Velocasses
641 1623 671 1671 et
680 1611 901 1670 Veromandnos
913 1611 1051 1669 totidem:
1072 1609 1153 1668 A-du·

159 1713 259 1760 atucos
283 1719 335 1760 arx
355 1703 467 1760 millia:
498 1701 671 1774 Condrusoa,
697 1702 859 1772 Eburones,
887 1701 1053 1772 Caereesos,
1080 1701 1152 1760 Pae·
1168 1701 1205 1758 to

159 1809 266 1862 manos,
280 1793 333 1868 qui
349 1811 406 1850 uuo
424 1793 540 1850 nomine
555 1792 695 1851 Germani
709 1793 901 1870 appellantur,
914 1793 1050 1850 arbitrari
1064 1791 1100 1849 ad
1113 1809 1153 1852 τι,

158 1883 260 1942 millia.
495 1888 498 1892 ’

144 1995 148 2000 ·
197 1972 235 2029 V.
259 1972 377 2042 Caesar,
394 1972 502 2030 Remos
522 1971 696 2043 cohortatus,
711 1972 928 2049 liberaliterque
946 1973 1074 2032 oratione
1089 1989 1151 2049 pro·

159 2070 284 2132 secutus,
312 2081 428 2119 omnem
456 2072 590 2120 senatum
610 2061 654 2120 ad
681 2081 713 2120 se
741 2064 905 2132 convenire,
930 2063 1152 2138 principumque

159 2150 263 2208 liberos
286 2151 401 2209 obsides
422 2151 459 2208 ad
483 2171 515 2208 sa
540 2151 645 2209 adduci
669 2153 784 2229 jussit.¹
808 2153 895 2218 Quae
920 2153 1019 2210 omnia
1046 2151 1083 2208 ab
1107 2151 1152 2208 bis
1165 2154 1204 2210 8⁰

158 2239 311 2316 diligenter
335 2240 370 2298 ad
396 2239 473 2298 diem
498 2239 675 2298 factasunt.
717 2241 782 2318 Ipse
807 2239 988 2299 Divitiacum
1013 2239 1152 2298 Aeduum

158 2347 263 2405 magno
289 2347 376 2406 opere
400 2329 573 2399 cohortatus,
594 2330 685 2400 docet,
710 2339 818 2408 quanto
838 2349 925 2407 opere
949 2331 993 2386 rei
1017 2329 1153 2406 publicae

157 2419 377 2494 communisque
401 2419 505 2477 salutis
528 2420 648 2490 intersit,
674 2439 778 2478 manus
802 2419 927 2476 hostium
949 2419 1090 2486 distineri,
1115 2435 1152 2474 ne

113 2511 116 2518 ’
158 2525 227 2564 cum
240 2508 516 2566 tanta'mnltitudinc
530 2525 588 2566 nno
602 2507 1011 2586 temporeconlligoadumsit.
1040 2505 1073 2562 ld
1088 2504 1152 2562 fieri

158 2616 251 2672 posse,
265 2598 291 2654 si
305 2616 373 2656 suas
392 2599 490 2674 copias
505 2598 604 2659 Aedui
620 2597 652 2658 in
670 2599 744 2656 linea
753 2596 975 2654 Bellovacorum
989 2593 1151 2650 introduxe-
1166 2597 1204 2652 25

158 2687 223 2756 rint,
239 2696 383 2744 eteorum
398 2705 484 2764 agros
497 2688 629 2764 populari
643 2687 800 2763 coeperint.
843 2683 899 2742 His
913 2681 1065 2752 mandatis,
1085 2699 1153 2738 eum

158 2775 194 2832 ab
206 2795 238 2833 ae
252 2776 378 2834 dimittit.
421 2777 575 2853 Postquam
596 2794 696 2836 omnes
710 2775 869 2852 Belgarum
890 2772 988 2850 copias
1009 2771 1039 2830 in
1061 2787 1168 2846 unum·

157 2863 254 2922 locum
275 2875 392 2925 coactas
416 2865 452 2924 ad
474 2885 506 2924 sa
527 2867 627 2926 venire
646 2864 725 2936 vidit,
749 2883 844 2940 neque
865 2864 927 2941 jam
947 2863 1032 2940 longe
1054 2863 1152 2922 abessa

158 2954 194 3010 ab
216 2955 270 3025 his,
284 2973 358 3030 quos
379 2957 506 3025 miserat,
527 2956 764 3032 exploratoribus,
785 2964 814 3012 et
836 2955 873 3012 ab
888 2953 988 3012 Remis
1008 2955 1151 3032 cognovit,
1185 2990 1188 2998 ι

157 3044 265 3102 flumen
281 3047 425 3114 Axonam,
440 3045 516 3120 quod
531 3055 574 3102 ast
592 3045 622 3102 iu
643 3045 780 3102 extremis
794 3043 952 3102 Remorum
972 3045 1087 3114 finibus,
1102 3063 1150 3104 ex·
1165 3053 1204 3108 80

157 3133 281 3190 ercitum
295 3134 448 3192 traducere
470 3136 634 3204 maturavit,
649 3145 738 3210 atque
750 3135 790 3192 ibi
810 3145 906 3194 castra
920 3137 1023 3212 posuit.
1065 3136 1151 3201 Quae

158 3239 204 3278 res
217 3231 246 3279 et
260 3223 339 3280 latua
352 3241 444 3280 unum
458 3233 620 3282 castrorum
635 3225 704 3300 ripis
725 3225 853 3282 fluminis
874 3227 1031 3295 muniebat,
1047 3235 1076 3284 et
1089 3235 1152 3302 post

157 3327 223 3366 eum
238 3329 314 3386 quae
329 3322 425 3370 essent
438 3321 501 3370 tuta
522 3313 558 3369 ab
572 3313 701 3372 hostibus
714 3313 859 3385 reddebat,
874 3325 904 3374 et
916 3325 1095 3374 commeatus
1115 3315 1151 3372 ab

157 3398 266 3469 Remis
277 3400 454 3476 reliquisque
468 3401 642 3472 civitatibus,
654 3411 686 3460 ut
699 3403 761 3462 siue
775 3405 906 3479 periculo
915 3404 950 3462 ad
962 3423 1030 3462 eum
1043 3403 1153 3478 portari

158 3498 258 3563 posset,
274 3488 428 3548 efficiebat.
451 3490 503 3563 'Iu
517 3509 551 3548 eo
573 3491 692 3550 flumina
713 3509 783 3567 pons
802 3503 874 3550 erat.
916 3492 960 3550 Ibi
975 3489 1151 3566 praesidium
1165 3490 1204 3548 85

157 3577 252 3652 ponit3
275 3578 349 3634 etin
364 3578 455 3636 altera
476 3589 554 3654 purte
577 3580 704 3639 fluminis
718 3580 758 3645 Q.
774 3580 924 3638 Titurium
946 3576 1089 3634 Sabinum
1109 3577 1151 3633 le-

156 3675 256 3741 gotum
279 3683 348 3724 cum
368 3685 419 3728 sex
433 3669 600 3726 cohortibus
619 3669 775 3744 relinquit:
796 3679 893 3726 castra
917 3667 947 3722 in
969 3663 1153 3722 altitudinem

157 3753 263 3830 padum
276 3753 428 3815 duodecim
442 3757 528 3828 vallo,
543 3757 677 3833 fossaque
696 3755 895 3832 duodeviginti
916 3751 1022 3830 padum
1036 3749 1151 3814 munire
