2804 4312
180 327 224 388 st
534 329 698 380 coemto
718 324 860 374 satmco
1063 320 1219 375 [comm.

233 473 313 544 sorte,
328 492 378 552 pro
390 491 446 532 sun
459 469 614 530 clementio
626 485 663 525 ec
682 462 911 532 mansuetudine,
925 477 1015 536 quam
1029 459 1083 536 ipsi
1104 459 1141 518 eb
1155 459 1220 518 eliis

232 564 373 632 audirent,
381 563 535 629 statuisset,
548 558 717 616 Aduatucos
730 573 793 612 esse
807 549 1026 619 conservandos,
1037 567 1074 608 ne
1085 569 1117 608 se
1131 550 1221 608 arinis

232 653 418 729 despoliaret:
439 651 495 709 sibi
508 668 608 707 ornnes
623 648 685 704 iere
705 645 841 702 finitimos
861 659 924 699 esse
946 639 1079 697 imuriocs
1099 657 1135 698 ac
1148 657 1220 698 sune

232 744 331 801 virtuti
345 741 493 814 invidere;
517 759 535 797 a
555 738 660 815 quibus
680 755 711 793 se
732 730 1020 801 defenderemus
1044 731 1141 802 ermis,
1162 748 1219 788 son

200 840 220 896 s
232 841 361 908 possent:
382 831 436 888 sibi
450 827 639 905 protestatem
652 826 682 882 iu
696 841 765 882 enm
775 839 877 880 essum
887 819 1108 890 deducerentur,
1118 838 1218 895 quem-

232 922 277 980 vis
290 920 433 978 fortunam
446 937 466 976 a
480 917 588 994 Populo
602 915 732 974 Romano
747 911 814 989 peti,
829 927 918 986 quam
932 909 969 968 ab
982 909 1027 967 his
1041 927 1094 986 per
1105 909 1219 968 crucia·

231 1021 294 1069 tum
307 1009 440 1078 interfici,
455 1009 530 1066 inter
542 1025 613 1082 quos
627 1003 768 1062 dominari
782 1009 980 1060 consuessent.

272 1097 396 1158 XXXii.
420 1096 467 1154 Ad
490 1095 564 1153 haec
587 1093 698 1152 Caesar
711 1089 868 1168 respondit:
890 1089 929 1147 Se
951 1088 1044 1166 magis
1067 1096 1218 1148 consuetu·
1318 1127 1335 1156 .

232 1185 298 1246 dine
320 1205 383 1257 sua,
397 1189 486 1263 quom
506 1183 606 1242 merito
626 1201 736 1251 eorum,
759 1180 906 1239 civitatem
927 1187 1173 1247 conservaturum,
1194 1177 1220 1235 si

183 1287 220 1344 1⁰
233 1279 322 1355 prius,
336 1295 426 1352 quem
439 1293 556 1332 murum
577 1274 653 1331 aries
672 1272 822 1348 attigisset,
844 1289 875 1326 se
895 1267 1086 1340 dedidissent3
1108 1268 1158 1326 sed
1172 1267 1218 1324 de-

232 1367 346 1426 ditionis
360 1367 473 1425 nullam
493 1383 558 1422 esse
578 1363 780 1431 conditionem,
795 1361 851 1418 uisi
872 1361 961 1418 armis
980 1359 1108 1417 traditis:
1129 1378 1160 1416 se
1180 1357 1220 1427 id,

231 1457 307 1534 quod
321 1458 351 1513 in
364 1455 485 1514 Nerviis
498 1452 622 1522 iecisset,
635 1449 789 1520 iacturum,
801 1449 986 1525 finitimisque
1000 1449 1219 1526 imperaturum,

232 1564 269 1602 ne
293 1563 381 1619 quarn
399 1543 535 1601 dedititiis
558 1541 659 1616 Populi
681 1539 806 1598 Romani
826 1537 963 1612 injuriam
984 1535 1133 1596 inferrent.
1175 1537 1221 1596 Re

232 1635 371 1690 nunciata
383 1631 420 1688 nd
432 1649 509 1699 suos,
524 1647 599 1704 quse
619 1629 839 1702 imperarentur,
859 1625 956 1684 iecere
976 1625 1121 1682 dixerunt.
1162 1627 1220 1682 Ar.

182 1729 345 1784 ldmorum
368 1738 475 1796 magns
496 1716 678 1775 multitudine
702 1716 738 1774 de
761 1732 845 1772 muro
868 1715 899 1772 iu
923 1712 1037 1784 sonem,
1058 1729 1133 1789 quse
1157 1726 1222 1774 erat

232 1820 298 1870 ente
312 1808 455 1884 oppidum,
474 1807 563 1883 jacta,
578 1806 622 1862 sic
635 1817 667 1861 ut
680 1823 767 1880 prope
787 1821 931 1860 summam
951 1804 1028 1860 muri
1046 1805 1221 1881 aggerisque

232 1897 412 1958 altitudinem
426 1896 525 1954 acervi
540 1911 686 1951 armorum
706 1892 923 1968 adsequerent3
943 1901 973 1950 st
992 1901 1090 1951 tomen
1104 1895 1222 1953 circiter

233 1997 313 2064 parte
327 1986 420 2055 tertis,
436 1994 468 2042 ut
481 1993 578 2060 postea
592 1992 776 2060 perspectum
790 1990 843 2052 est,
857 1981 953 2042 celata
966 1991 1052 2058 stqrm
1066 1983 1098 2040 in
1118 1984 1222 2062 oppido

233 2085 352 2146 retente,
363 2075 451 2152 portis
464 2071 624 2152 patefactis,
639 2091 673 2131 eo
687 2073 734 2131 die
748 2091 820 2150 pecc
834 2082 901 2132 sunt
915 2073 972 2132 usi.
1248 2145 1250 2152 Ι

180 2173 221 2229 2⁰
274 2161 412 2226 xxxin.
434 2164 495 2222 Sub
517 2181 671 2240 vesperum
691 2162 805 2221 Caesar
825 2173 921 2239 portas
939 2162 1037 2222 clnudi
1058 2163 1221 2240 militesque

232 2278 269 2317 ex
282 2255 383 2334 oppido
397 2255 477 2312 exire
488 2253 583 2330 jussit,
604 2271 642 2310 ne
662 2271 751 2328 quam
772 2262 859 2310 noctu
878 2253 1012 2330 oppidani
1026 2253 1062 2310 ab
1083 2253 1222 2312 militibus

232 2347 370 2424 injuriam
398 2344 573 2420 sculperent.
614 2341 671 2413 lili,
700 2353 766 2400 ante
794 2343 874 2416 inito,
908 2351 940 2400 ut
963 2342 1141 2401 intellectum
1169 2353 1221 2413 est,

232 2435 361 2505 oonsilio,
375 2433 461 2510 quod,
476 2433 617 2492 deditione
638 2431 726 2502 tecta,
747 2440 857 2490 nostros
876 2431 1018 2507 praesidia
1038 2430 1220 2503 deducturus,

233 2535 283 2586 aut
296 2524 421 2600 denique
435 2521 632 2600 indiligentius
645 2530 810 2580 servaturos
830 2520 1020 2591 crediderant,
1035 2521 1139 2597 partim
1152 2539 1222 2579 cum

180 2616 287 2687 ethis
300 2633 377 2692 quse
397 2613 575 2672 retinuerant
595 2621 622 2670 et
642 2611 819 2680 celaverunt,
833 2610 931 2679 armis,
952 2611 1055 2686 partim
1074 2611 1164 2668 scutis
1184 2629 1222 2670 ex

232 2707 339 2766 cortice
354 2704 446 2774 fantis,
458 2713 507 2773 aut
521 2702 679 2762 viminibus
692 2700 817 2772 intextis,
837 2719 912 2776 quse
925 2701 1027 2771 subito,
1042 2709 1074 2758 ut
1087 2701 1223 2777 temporis

232 2796 376 2872 exiguitas
397 2793 566 2871 postulabat,
589 2791 714 2870 pellibus
732 2790 914 2861 induxerant,
928 2791 1013 2849 tertia
1033 2791 1141 2868 vigilia,
1163 2809 1223 2866 qus

233 2883 352 2940 minime
375 2882 484 2938 ardum
508 2880 545 2938 ed
567 2891 680 2939 nostras
702 2881 875 2940 munitiones
899 2898 1037 2938 essemus
1060 2879 1221 2950 videbatur,

233 2970 366 3026 comibus
379 2969 469 3044 copiis
482 2977 598 3043 repente
613 2987 649 3026 ex
663 2970 765 3047 oppido
785 2971 963 3046 eruptionem
984 2968 1126 3027 iecerunt.
1167 2969 1222 3028 Ce-

182 3059 222 3116 ⁸⁰
233 3056 341 3126 leritsr,
356 3065 388 3116 ut
401 3065 467 3114 ente
480 3055 589 3114 Caesar
603 3058 767 3134 imperaret,
782 3059 898 3136 ignibus
911 3059 1120 3136 significatione
1135 3057 1221 3130 iacto,

233 3163 270 3203 ex
294 3144 430 3220 proximis
454 3141 582 3201 castellis
605 3163 641 3202 eo
663 3165 838 3206 coneursum
865 3156 917 3217 est,
941 3158 1157 3224 pugnatumque
1185 3149 1224 3205 ab

233 3232 361 3290 hostibus
373 3232 414 3289 ite
428 3232 543 3301 acriter,
558 3242 589 3290 ut
603 3234 705 3292 avitis
719 3234 848 3306 sortibus,
862 3237 893 3294 in
906 3246 1038 3295 extrema
1046 3256 1097 3314 spe
1110 3236 1222 3307 salutis,

233 3321 333 3398 iniquo
345 3320 419 3390 loeo
431 3329 533 3379 eontra
546 3322 664 3396 eosqui
678 3341 715 3380 ex
725 3325 803 3384 vallo
816 3326 1002 3402 turribusque
1010 3326 1069 3384 tela
1079 3326 1220 3402 jecerent,

233 3411 356 3488 pugnari
368 3409 477 3479 debuit,
491 3425 583 3484 quum
596 3410 627 3467 in
641 3429 701 3468 una
714 3413 820 3471 virtute
833 3415 927 3472 omnis
946 3435 1013 3492 spes
1032 3415 1134 3474 salutis
1154 3433 1221 3474 eon-

182 3501 356 3561 reaisteret
404 3499 519 3558 Occisis
538 3499 575 3558 sd
594 3499 743 3558 hominnm
763 3503 892 3562 millibus
911 3515 1044 3580 quatuor,
1066 3504 1171 3580 reliqui
1191 3506 1222 3564 in

232 3590 367 3667 oppidum
382 3591 482 3667 rejecti
500 3599 578 3650 sunt.
620 3589 774 3649 Prostridie
796 3592 861 3668 ejus
881 3594 948 3664 diei,
969 3594 1103 3654 refractis
1123 3596 1222 3671 portis,

232 3697 323 3754 quum
330 3679 392 3756 jem
402 3678 567 3738 defenderet
580 3698 674 3750 nemo,
684 3689 770 3756 atque
778 3681 949 3742 intromissis
959 3683 1099 3742 militibus
1106 3685 1222 3754 nostris,

233 3767 740 3848 seodouemejusoppidiuniverssm
750 3769 1003 3830 Caesarvendidit.
1046 3773 1223 3850 Abbis,qui

233 3865 372 3926 fluerent,
385 3858 514 3934 sapitum
528 3877 669 3920 numerus
681 3859 718 3918 sd
731 3879 800 3919 eum
813 3861 925 3920 relatus
937 3871 981 3922 est
995 3862 1120 3924 millium
1136 3881 1200 3926 mr.
