2826 4336
169 321 225 368 car.
234 321 295 374 aa]
565 321 662 368 LIBER
678 321 808 370 sexsus,
1156 312 1217 372 lta

168 457 1161 536 camuteslagaroaobaidesqaamittant‚asidepraaatonbusltema‚

168 566 293 626 quornm
307 559 390 606 erent
403 548 434 606 in
448 548 602 608 clientela:
624 549 725 607 eadem
743 549 839 608 ferunt
859 567 1004 626 responsa.
1046 551 1164 630 Peragit

168 640 326 698 concilium
340 639 457 708 Caesar,
471 639 640 722 equitesque
654 640 775 715 imperat
788 641 962 698 civitatibus.

208 729 247 786 V.
270 728 338 786 Hac
360 738 441 806 parte
462 713 578 786 Galliae
599 738 711 804 pacata,
726 739 801 787 totus
814 739 843 787 et
857 737 952 788 mente
970 740 1000 788 et
1017 731 1113 789 auimo
1131 731 1161 790 in

170 819 280 876 bellum
301 817 492 876 Trevirorum
505 827 533 876 et
548 819 728 894 Ambiorigis
746 819 859 877 insistit.
901 819 1079 881 Cavarinum
1091 824 1193 880 cumb

170 909 300 985 equitatu
312 909 458 967 Semnum
467 920 569 968 secum
580 909 723 986 proficisci
734 908 825 984 jubet,
838 927 874 966 ns
885 909 950 984 quis
960 920 1010 968 aut
1023 929 1059 968 ex
1074 911 1162 987 hujus

169 999 331 1068 iracundia,
356 1009 405 1056 aut
427 1015 463 1055 ex
486 1017 529 1068 eo,
553 997 628 1074 quod
651 1007 805 1067 meruerat,
826 997 891 1054 odio
912 999 1045 1069 civitatis,
1068 1011 1163 1060 matus

169 1091 300 1146 exsistat.
341 1087 397 1148 His
411 1089 498 1148 rebus
512 1089 681 1156 constitutis,
695 1087 771 1162 quod
792 1105 843 1162 pro
863 1087 1009 1162 explorato
1029 1089 1160 1159 habebat,

170 1180 373 1255 Ambiorigem
381 1177 489 1254 proelio
501 1197 558 1235 non
569 1197 632 1234 esse
642 1185 885 1244 concertaturum,
899 1176 1010 1250 reliqua
1021 1176 1084 1251 ejus
1094 1195 1160 1235 con-

169 1269 234 1328 silia
249 1269 345 1325 arrimo
359 1267 622 1342 circumspiciebat.
665 1265 759 1322 Erant
774 1264 902 1338 Menapii
916 1265 1067 1339 propinqui
1082 1264 1160 1322 Ebu·
1177 1266 1214 1322 10

170 1377 272 1417 ronam
297 1358 412 1428 finibus,
427 1357 572 1433 perpetuis
593 1343 747 1432 paladibus
767 1353 906 1427 silvisque
919 1353 1031 1421 muniti,
1046 1354 1096 1428 qui
1111 1354 1162 1410 uni

169 1467 205 1506 ea
220 1447 325 1505 Gallia·
339 1447 375 1504 de
397 1465 468 1522 pace
490 1445 526 1502 ad
547 1445 703 1502 Caesarem
724 1443 835 1518 legatos
850 1459 999 1519 nunquam
1014 1444 1159 1501 miserant.

169 1537 243 1595 Cum
258 1537 294 1594 iis
307 1555 370 1594 esse
384 1536 538 1612 hospitium
553 1533 716 1610 Ambiorigi
736 1531 844 1590 sciebat
857 1552 864 1589 :
879 1533 946 1590 item
958 1550 1010 1608 per
1024 1523 1163 1592 Treviros
1193 1557 1201 1566 “

168 1626 281 1684 venisse
295 1624 453 1683 Gernranis
467 1625 497 1681 in
512 1625 677 1694 amicitiam,
693 1631 877 1699 cognoverat.
920 1621 1003 1680 Haeo
1022 1624 1102 1699 prius
1118 1624 1162 1681 illi

168 1715 345 1774 detrahenda
359 1715 469 1772 auxilia
482 1713 672 1782 existimabat,
684 1729 772 1788 qnam
786 1712 881 1787 ipsum
896 1712 971 1770 ballo
984 1710 1138 1774 lacesseret
1150 1731 1159 1785 3
1177 1721 1213 1775 15

168 1825 213 1874 ne,
229 1805 379 1881 desperata
401 1805 504 1873 salute,
523 1811 574 1860 aut
596 1823 627 1860 se
649 1804 679 1859 in
703 1801 851 1877 Menapios
875 1801 1000 1871 abderet,
1023 1813 1072 1860 aut
1093 1821 1161 1862 oum

169 1894 404 1953 Transrhenanis
417 1893 556 1976 congredi
570 1901 731 1970 cogeretur.
774 1890 839 1957 Hoc
853 1892 922 1948 inito
936 1891 1063 1962 consilio,
1075 1893 1162 1950 totius

168 1979 314 2044 exercitus
328 1984 532 2060 impedimenta
546 1981 582 2042 ad
597 1981 760 2039 Labienum
775 1981 805 2038 in
820 1979 958 2038 Treviros
972 1983 1065 2052 mittit,
1077 1983 1161 2040 duaa·

167 2092 226 2152 que
244 2075 375 2151 legiones
396 2072 430 2130 ad
452 2091 520 2130 eum
541 2072 684 2147 profictsei
702 2070 803 2146 jabet:
825 2070 886 2146 ipse
907 2090 975 2128 cum
996 2072 1161 2150 legionibus

167 2163 308 2241 expeditis
321 2164 448 2238 quinque
463 2163 493 2218 iu
509 2159 658 2236 Menapios
668 2160 869 2237 proficiscitur.
902 2159 958 2230 lili,
968 2163 1049 2220 nulla
1058 2172 1161 2220 ooaota
1173 2171 1214 2226 20

168 2271 267 2322 manu,
286 2249 344 2310 loci
366 2251 506 2328 praesidio
527 2248 632 2320 frati,
625 2268 654 2306 m
675 2249 763 2306 silvas
784 2249 960 2326 paludesque
981 2251 1161 2328 coniugium,

167 2359 279 2418 suaque
294 2341 393 2400 eodem
407 2340 570 2398 conferunt.

208 2431 261 2489 VI.
283 2429 402 2502 Caesar,
424 2431 536 2506 partitis
555 2429 646 2506 copiis
670 2448 738 2487 oum
766 2429 801 2487 C.
824 2427 915 2486 Fabio
943 2426 1047 2503 legato,
1069 2439 1097 2486 et
1118 2430 1160 2488 M.

167 2523 274 2581 Crasso
285 2531 448 2622 quaestore,
459 2519 650 2594 celeriterque
665 2518 775 2578 effectis
789 2517 931 2618 pontibus,
944 2516 1001 2573 adit
1012 2517 1161 2592 tripartito,

168 2612 302 2670 aedificia
322 2611 458 2685 vicosque
482 2608 618 2678 incendit,
641 2627 746 2684 magno
771 2607 882 2683 pecoris
906 2615 995 2680 atque
1014 2605 1214 2674 hominum25

167 2719 290 2760 numero
311 2697 428 2776 potitur.
478 2698 601 2764 Quibus
615 2699 702 2756 rebus
722 2697 814 2756 coacti
837 2695 974 2770 Menapii,
996 2693 1105 2772 legatos
1126 2695 1162 2756 sd

167 2809 245 2858 eum,
261 2790 343 2865 pacis
355 2786 494 2865 petendae
509 2807 608 2857 causa,
624 2787 748 2844 mittunt.
791 2785 853 2854 Ille,
865 2785 1012 2844 obsidibus
1026 2786 1161 2862 acceptis,

169 2879 293 2936 hostium
307 2897 338 2936 se
353 2878 518 2935 habiturum
539 2895 659 2935 numero
673 2877 833 2946 continuet,
848 2875 873 2932 si
886 2885 938 2934 aut
952 2876 1161 2954 Ambiorigem,

170 2979 220 3026 aut
240 2968 305 3044 ejus
325 2967 444 3044 legatos,
465 2967 574 3024 finibus
592 2967 654 3024 suis
673 2967 859 3042 recepissent.
908 2965 964 3024 His
984 2966 1163 3039 continuatis

170 3059 265 3128 rebus,
280 3057 442 3116 Commium
458 3050 628 3114 Atrebatem
646 3075 718 3114 cum
738 3056 877 3132 equitatu,
897 3057 1027 3116 custodis
1044 3056 1117 3128 loco,
1132 3058 1214 3124 inan

171 3145 314 3224 Menapiis
328 3145 464 3220 relinquit
476 3165 484 3217 ;
508 3145 569 3220 ipse
583 3146 614 3202 in
628 3143 766 3204 Treviros
779 3141 981 3220 proficiscitur.

209 3235 277 3294 Vll.
308 3235 386 3293 Dum
414 3235 488 3292 haec
515 3253 534 3290 a
562 3234 690 3292 Caesare
717 3243 868 3311 geruntur,
897 3235 1024 3306 Treviri,
1049 3239 1163 3316 magnis
1256 3254 1260 3260 ’

169 3327 278 3384 coactis
305 3324 449 3402 peditatus
476 3324 680 3400 equitatusque
707 3325 805 3400 copiis,
828 3323 992 3385 Labienum
1013 3345 1082 3384 cum
1104 3345 1163 3386 una

169 3413 291 3491 legione,
305 3433 381 3490 quaa
401 3415 431 3470 in
452 3431 554 3471 eorum
574 3413 680 3472 finibus
705 3413 858 3484 hiemabat,
874 3415 981 3474 adoriri
1003 3416 1161 3490 parabant:

167 3503 285 3580 jamque
317 3503 354 3560 ab
382 3523 417 3561 eo
441 3521 497 3562 uon
521 3503 637 3580 longius
658 3501 736 3562 bidui
757 3505 805 3561 via
826 3505 954 3574 aberant,
975 3523 1068 3578 quum
1087 3503 1161 3560 duas
1176 3517 1214 3572 35

170 3593 426 3672 veniase'legioues
440 3594 530 3652 missu
543 3593 877 3669 Caesaris-cognoscunt.
919 3592 1021 3650 Positis
1031 3589 1163 3648 castriso

170 3681 297 3742 millibus
318 3701 456 3760 passuum
474 3701 526 3752 xv,
541 3683 651 3740 auxilia
665 3683 880 3740 Germanorum
903 3689 1071 3754 exspectare
1095 3697 1162 3738 eou-

169 3770 301 3830 etituuut.
344 3771 501 3842 Labienus,
516 3771 639 3830 hostium
660 3772 775 3848 cognito
793 3768 922 3836 consilio,
937 3785 1056 3842 sperans
1074 3778 1161 3827 tame.

171 3859 255 3918 ritate
273 3879 375 3920 acrum
399 3861 464 3940 fore¹
483 3861 610 3938 aliquam
633 3858 790 3922 dimicandi
819 3854 997 3926 facultatem,
1020 3858 1162 3934 praesidio

649 3951 703 4008 10*
763 3961 770 3973 “
