<?xml version="1.0" encoding="UTF-8"?>
<!DOCTYPE html PUBLIC "-//W3C//DTD XHTML 1.0 Transitional//EN"
    "http://www.w3.org/TR/xhtml1/DTD/xhtml1-transitional.dtd">
<html xmlns="http://www.w3.org/1999/xhtml" xml:lang="en" lang="en">
 <head>
  <title>
</title>
<meta http-equiv="Content-Type" content="text/html;charset=utf-8" />
  <meta name='ocr-system' content='tesseract 3.04.00' />
  <meta name='ocr-capabilities' content='ocr_page ocr_carea ocr_par ocr_line ocrx_word'/>
</head>
<body>
  <div class='ocr_page' id='page_1' title='image "./cjuliuscaesarsc00spengoog_0163.png"; bbox 0 0 2844 4340; ppageno 0'>
   <div class='ocr_carea' id='block_1_1' title="bbox 176 315 1225 379">
    <p class='ocr_par' dir='ltr' id='par_1_1' title="bbox 176 315 1225 379">
     <span class='ocr_line' id='line_1_1' title="bbox 176 315 1225 379; baseline 0.006 -9"><span class='ocrx_word' id='word_1_1' title='bbox 176 323 329 379; x_wconf 64' lang='lat' dir='ltr'>cussus</span> <span class='ocrx_word' id='word_1_2' title='bbox 557 320 656 370; x_wconf 78' lang='lat' dir='ltr'>nmen</span> <span class='ocrx_word' id='word_1_3' title='bbox 676 323 843 374; x_wconf 77' lang='lat' dir='ltr'>currimus.</span> <span class='ocrx_word' id='word_1_4' title='bbox 1165 315 1225 379; x_wconf 73' lang='lat' dir='ltr'>itu</span> 
     </span>
    </p>
   </div>
   <div class='ocr_carea' id='block_1_2' title="bbox 164 461 1299 3966">
    <p class='ocr_par' dir='ltr' id='par_1_2' title="bbox 164 461 1257 2881">
     <span class='ocr_line' id='line_1_2' title="bbox 177 461 1173 542; baseline 0.004 -22"><span class='ocrx_word' id='word_1_5' title='bbox 177 462 421 538; x_wconf 68' lang='lat' dir='ltr'>cupiditatemque</span> <span class='ocrx_word' id='word_1_6' title='bbox 445 461 570 520; x_wconf 85' lang='lat' dir='ltr'>militum</span> <span class='ocrx_word' id='word_1_7' title='bbox 590 461 787 538; x_wconf 80' lang='lat' dir='ltr'>reprehendit,</span> <span class='ocrx_word' id='word_1_8' title='bbox 814 461 889 540; x_wconf 88' lang='lat' dir='ltr'>quod</span> <span class='ocrx_word' id='word_1_9' title='bbox 906 464 968 522; x_wconf 77' lang='lat' dir='ltr'>sint</span> <span class='ocrx_word' id='word_1_10' title='bbox 989 465 1173 542; x_wconf 79' lang='lat' dir='ltr'>ip‘si‘judica·</span> 
     </span>
     <span class='ocr_line' id='line_1_3' title="bbox 177 553 1174 634; baseline 0.007 -26"><span class='ocrx_word' id='word_1_11' title='bbox 177 555 292 624; x_wconf 86' lang='lat' dir='ltr'>vissent,</span> <span class='ocrx_word' id='word_1_12' title='bbox 302 571 361 630; x_wconf 92' lang='lat' dir='ltr'>quo</span> <span class='ocrx_word' id='word_1_13' title='bbox 375 553 598 630; x_wconf 80' lang='lat' dir='ltr'>procedendum,</span> <span class='ocrx_word' id='word_1_14' title='bbox 608 564 658 612; x_wconf 88' lang='lat' dir='ltr'>aut</span> <span class='ocrx_word' id='word_1_15' title='bbox 672 553 742 630; x_wconf 89' lang='lat' dir='ltr'>quid</span> <span class='ocrx_word' id='word_1_16' title='bbox 757 555 902 632; x_wconf 81' lang='lat' dir='ltr'>agendum</span> <span class='ocrx_word' id='word_1_17' title='bbox 911 555 1069 626; x_wconf 81' lang='lat' dir='ltr'>videretur,</span> <span class='ocrx_word' id='word_1_18' title='bbox 1080 576 1174 634; x_wconf 90' lang='lat' dir='ltr'>neque</span> 
     </span>
     <span class='ocr_line' id='line_1_4' title="bbox 177 640 1174 725; baseline 0.005 -24"><span class='ocrx_word' id='word_1_19' title='bbox 177 645 259 725; x_wconf 85' lang='lat' dir='ltr'>signo</span> <span class='ocrx_word' id='word_1_20' title='bbox 272 643 432 721; x_wconf 89' lang='lat' dir='ltr'>recipiendi</span> <span class='ocrx_word' id='word_1_21' title='bbox 446 640 512 702; x_wconf 88' lang='lat' dir='ltr'>dato</span> <span class='ocrx_word' id='word_1_22' title='bbox 526 643 726 714; x_wconf 70' lang='lat' dir='ltr'>constitissent,</span> <span class='ocrx_word' id='word_1_23' title='bbox 742 663 835 721; x_wconf 86' lang='lat' dir='ltr'>neque</span> <span class='ocrx_word' id='word_1_24' title='bbox 850 647 887 704; x_wconf 90' lang='lat' dir='ltr'>ab</span> <span class='ocrx_word' id='word_1_25' title='bbox 899 647 1025 704; x_wconf 84' lang='lat' dir='ltr'>tribunis</span> <span class='ocrx_word' id='word_1_26' title='bbox 1046 649 1174 706; x_wconf 87' lang='lat' dir='ltr'>militurn</span> 
     </span>
     <span class='ocr_line' id='line_1_5' title="bbox 178 734 1173 814; baseline 0.005 -23"><span class='ocrx_word' id='word_1_27' title='bbox 178 734 337 812; x_wconf 85' lang='lat' dir='ltr'>legatisque</span> <span class='ocrx_word' id='word_1_28' title='bbox 363 735 481 792; x_wconf 90' lang='lat' dir='ltr'>retineri</span> <span class='ocrx_word' id='word_1_29' title='bbox 506 735 681 810; x_wconf 86' lang='lat' dir='ltr'>potuissent:</span> <span class='ocrx_word' id='word_1_30' title='bbox 701 737 838 812; x_wconf 85' lang='lat' dir='ltr'>exposito,</span> <span class='ocrx_word' id='word_1_31' title='bbox 863 736 933 814; x_wconf 89' lang='lat' dir='ltr'>quid</span> <span class='ocrx_word' id='word_1_32' title='bbox 954 737 1096 814; x_wconf 76' lang='lat' dir='ltr'>iniqmtas</span> <span class='ocrx_word' id='word_1_33' title='bbox 1116 737 1173 798; x_wconf 90' lang='lat' dir='ltr'>loci</span> 
     </span>
     <span class='ocr_line' id='line_1_6' title="bbox 178 811 1203 904; baseline 0.007 -23"><span class='ocrx_word' id='word_1_34' title='bbox 178 833 279 902; x_wconf 86' lang='lat' dir='ltr'>posset,</span> <span class='ocrx_word' id='word_1_35' title='bbox 295 811 364 900; x_wconf 87' lang='lat' dir='ltr'>quid</span> <span class='ocrx_word' id='word_1_36' title='bbox 379 822 440 901; x_wconf 91' lang='lat' dir='ltr'>ipse</span> <span class='ocrx_word' id='word_1_37' title='bbox 455 825 491 882; x_wconf 91' lang='lat' dir='ltr'>ad</span> <span class='ocrx_word' id='word_1_38' title='bbox 506 826 670 883; x_wconf 85' lang='lat' dir='ltr'>Avaricum</span> <span class='ocrx_word' id='word_1_39' title='bbox 691 827 838 897; x_wconf 83' lang='lat' dir='ltr'>sensisset,</span> <span class='ocrx_word' id='word_1_40' title='bbox 850 842 950 904; x_wconf 91' lang='lat' dir='ltr'>quum,</span> <span class='ocrx_word' id='word_1_41' title='bbox 966 827 1030 888; x_wconf 85' lang='lat' dir='ltr'>sine</span> <span class='ocrx_word' id='word_1_42' title='bbox 1049 829 1124 893; x_wconf 87' lang='lat' dir='ltr'>duce</span> <span class='ocrx_word' id='word_1_43' title='bbox 1145 833 1203 888; x_wconf 85' lang='lat' dir='ltr'>etb</span> 
     </span>
     <span class='ocr_line' id='line_1_7' title="bbox 178 915 1173 994; baseline 0.006 -24"><span class='ocrx_word' id='word_1_44' title='bbox 178 915 239 978; x_wconf 89' lang='lat' dir='ltr'>sine</span> <span class='ocrx_word' id='word_1_45' title='bbox 267 915 398 992; x_wconf 86' lang='lat' dir='ltr'>equitatu</span> <span class='ocrx_word' id='word_1_46' title='bbox 428 915 614 992; x_wconf 84' lang='lat' dir='ltr'>deprehensis</span> <span class='ocrx_word' id='word_1_47' title='bbox 649 915 787 986; x_wconf 72' lang='lat' dir='ltr'>hostiliae,</span> <span class='ocrx_word' id='word_1_48' title='bbox 815 917 994 994; x_wconf 73' lang='lat' dir='ltr'>exploratam</span> <span class='ocrx_word' id='word_1_49' title='bbox 1022 920 1173 978; x_wconf 86' lang='lat' dir='ltr'>victoriam</span> 
     </span>
     <span class='ocr_line' id='line_1_8' title="bbox 178 1003 1210 1085; baseline 0.007 -25"><span class='ocrx_word' id='word_1_50' title='bbox 178 1003 339 1075; x_wconf 79' lang='lat' dir='ltr'>dimisisset,</span> <span class='ocrx_word' id='word_1_51' title='bbox 369 1023 405 1062; x_wconf 91' lang='lat' dir='ltr'>ne</span> <span class='ocrx_word' id='word_1_52' title='bbox 434 1020 557 1082; x_wconf 85' lang='lat' dir='ltr'>parvum</span> <span class='ocrx_word' id='word_1_53' title='bbox 585 1005 668 1063; x_wconf 88' lang='lat' dir='ltr'>modo</span> <span class='ocrx_word' id='word_1_54' title='bbox 696 1005 900 1077; x_wconf 81' lang='lat' dir='ltr'>detrimentum</span> <span class='ocrx_word' id='word_1_55' title='bbox 927 1009 958 1065; x_wconf 93' lang='lat' dir='ltr'>in</span> <span class='ocrx_word' id='word_1_56' title='bbox 992 1011 1173 1068; x_wconf 79' lang='lat' dir='ltr'>contentione</span> <span class='ocrx_word' id='word_1_57' title='bbox 1202 1075 1210 1085; x_wconf 25' lang='grc' dir='ltr'>ἱ</span> 
     </span>
     <span class='ocr_line' id='line_1_9' title="bbox 179 1095 1173 1174; baseline 0.004 -22"><span class='ocrx_word' id='word_1_58' title='bbox 179 1105 292 1171; x_wconf 82' lang='lat' dir='ltr'>propter</span> <span class='ocrx_word' id='word_1_59' title='bbox 319 1095 499 1172; x_wconf 74' lang='lat' dir='ltr'>iniquitatem</span> <span class='ocrx_word' id='word_1_60' title='bbox 527 1095 584 1152; x_wconf 87' lang='lat' dir='ltr'>loci</span> <span class='ocrx_word' id='word_1_61' title='bbox 611 1095 774 1154; x_wconf 60' lang='lat' dir='ltr'>accideret:</span> <span class='ocrx_word' id='word_1_62' title='bbox 801 1095 927 1162; x_wconf 84' lang='lat' dir='ltr'>-Quanto</span> <span class='ocrx_word' id='word_1_63' title='bbox 952 1117 1038 1174; x_wconf 89' lang='lat' dir='ltr'>opere</span> <span class='ocrx_word' id='word_1_64' title='bbox 1072 1115 1173 1156; x_wconf 85' lang='lat' dir='ltr'>eornm</span> 
     </span>
     <span class='ocr_line' id='line_1_10' title="bbox 180 1184 1173 1262; baseline 0.002 -22"><span class='ocrx_word' id='word_1_65' title='bbox 180 1185 267 1241; x_wconf 87' lang='lat' dir='ltr'>animi</span> <span class='ocrx_word' id='word_1_66' title='bbox 281 1185 510 1262; x_wconf 72' lang='lat' dir='ltr'>magnitudinem</span> <span class='ocrx_word' id='word_1_67' title='bbox 525 1184 727 1255; x_wconf 78' lang='lat' dir='ltr'>admiraretur,</span> <span class='ocrx_word' id='word_1_68' title='bbox 742 1203 814 1261; x_wconf 88' lang='lat' dir='ltr'>quos</span> <span class='ocrx_word' id='word_1_69' title='bbox 827 1197 1063 1250; x_wconf 74' lang='lat' dir='ltr'>non&#39;castrorum</span> <span class='ocrx_word' id='word_1_70' title='bbox 1079 1189 1173 1244; x_wconf 90' lang='lat' dir='ltr'>muni-</span> 
     </span>
     <span class='ocr_line' id='line_1_11' title="bbox 179 1273 1224 1352; baseline 0.004 -22"><span class='ocrx_word' id='word_1_71' title='bbox 179 1275 277 1344; x_wconf 87' lang='lat' dir='ltr'>tiones,</span> <span class='ocrx_word' id='word_1_72' title='bbox 293 1293 349 1332; x_wconf 89' lang='lat' dir='ltr'>ncn</span> <span class='ocrx_word' id='word_1_73' title='bbox 365 1273 484 1334; x_wconf 89' lang='lat' dir='ltr'>altitudo</span> <span class='ocrx_word' id='word_1_74' title='bbox 498 1276 610 1345; x_wconf 84' lang='lat' dir='ltr'>montis,</span> <span class='ocrx_word' id='word_1_75' title='bbox 625 1293 684 1342; x_wconf 86' lang='lat' dir='ltr'>non</span> <span class='ocrx_word' id='word_1_76' title='bbox 699 1290 803 1337; x_wconf 81' lang='lat' dir='ltr'>murus</span> <span class='ocrx_word' id='word_1_77' title='bbox 816 1274 911 1350; x_wconf 88' lang='lat' dir='ltr'>oppidi</span> <span class='ocrx_word' id='word_1_78' title='bbox 928 1275 1046 1332; x_wconf 85' lang='lat' dir='ltr'>tardare</span> <span class='ocrx_word' id='word_1_79' title='bbox 1068 1277 1173 1352; x_wconf 85' lang='lat' dir='ltr'>potuis-</span> <span class='ocrx_word' id='word_1_80' title='bbox 1186 1279 1224 1334; x_wconf 80' lang='lat'>10</span> 
     </span>
     <span class='ocr_line' id='line_1_12' title="bbox 179 1365 1189 1442; baseline 0.002 -22"><span class='ocrx_word' id='word_1_81' title='bbox 179 1373 239 1436; x_wconf 88' lang='lat' dir='ltr'>set;</span> <span class='ocrx_word' id='word_1_82' title='bbox 275 1373 354 1424; x_wconf 90' lang='lat' dir='ltr'>tanto</span> <span class='ocrx_word' id='word_1_83' title='bbox 381 1383 468 1442; x_wconf 85' lang='lat' dir='ltr'>opere</span> <span class='ocrx_word' id='word_1_84' title='bbox 495 1365 643 1424; x_wconf 79' lang='lat' dir='ltr'>licentiam</span> <span class='ocrx_word' id='word_1_85' title='bbox 672 1365 926 1442; x_wconf 78' lang='lat' dir='ltr'>arrogantiamque</span> <span class='ocrx_word' id='word_1_86' title='bbox 954 1365 1189 1440; x_wconf 76' lang='lat' dir='ltr'>reprehendere,¹</span> 
     </span>
     <span class='ocr_line' id='line_1_13' title="bbox 179 1453 1174 1532; baseline 0.003 -21"><span class='ocrx_word' id='word_1_87' title='bbox 179 1454 254 1529; x_wconf 90' lang='lat' dir='ltr'>quod</span> <span class='ocrx_word' id='word_1_88' title='bbox 278 1455 345 1530; x_wconf 90' lang='lat' dir='ltr'>plus</span> <span class='ocrx_word' id='word_1_89' title='bbox 368 1475 408 1526; x_wconf 89' lang='lat' dir='ltr'>se,</span> <span class='ocrx_word' id='word_1_90' title='bbox 432 1471 520 1532; x_wconf 89' lang='lat' dir='ltr'>quam</span> <span class='ocrx_word' id='word_1_91' title='bbox 545 1455 757 1532; x_wconf 82' lang='lat' dir='ltr'>imperatorem,</span> <span class='ocrx_word' id='word_1_92' title='bbox 783 1453 819 1510; x_wconf 92' lang='lat' dir='ltr'>de</span> <span class='ocrx_word' id='word_1_93' title='bbox 840 1454 960 1511; x_wconf 84' lang='lat' dir='ltr'>victoria</span> <span class='ocrx_word' id='word_1_94' title='bbox 985 1462 1070 1530; x_wconf 90' lang='lat' dir='ltr'>atque</span> <span class='ocrx_word' id='word_1_95' title='bbox 1094 1455 1174 1514; x_wconf 87' lang='lat' dir='ltr'>exitu</span> 
     </span>
     <span class='ocr_line' id='line_1_14' title="bbox 181 1535 1257 1604; baseline 0.002 -4"><span class='ocrx_word' id='word_1_96' title='bbox 181 1562 277 1601; x_wconf 84' lang='lat' dir='ltr'>rerum</span> <span class='ocrx_word' id='word_1_97' title='bbox 300 1545 407 1604; x_wconf 85' lang='lat' dir='ltr'>sentire</span> <span class='ocrx_word' id='word_1_98' title='bbox 429 1546 644 1602; x_wconf 84' lang='lat' dir='ltr'>existimarent:</span> <span class='ocrx_word' id='word_1_99' title='bbox 665 1563 720 1602; x_wconf 90' lang='lat' dir='ltr'>nec</span> <span class='ocrx_word' id='word_1_100' title='bbox 743 1543 841 1602; x_wconf 88' lang='lat' dir='ltr'>minus</span> <span class='ocrx_word' id='word_1_101' title='bbox 861 1563 892 1600; x_wconf 87' lang='lat' dir='ltr'>se</span> <span class='ocrx_word' id='word_1_102' title='bbox 906 1545 937 1601; x_wconf 89' lang='lat' dir='ltr'>in</span> <span class='ocrx_word' id='word_1_103' title='bbox 952 1535 1042 1602; x_wconf 90' lang='lat' dir='ltr'>milite</span> <span class='ocrx_word' id='word_1_104' title='bbox 1062 1543 1174 1602; x_wconf 84' lang='lat' dir='ltr'>modes·</span> <span class='ocrx_word' id='word_1_105' title='bbox 1254 1569 1257 1573; x_wconf 95' lang='lat'>·</span> 
     </span>
     <span class='ocr_line' id='line_1_15' title="bbox 180 1629 1174 1714; baseline 0 -22"><span class='ocrx_word' id='word_1_106' title='bbox 180 1635 253 1692; x_wconf 84' lang='lat' dir='ltr'>tiam</span> <span class='ocrx_word' id='word_1_107' title='bbox 263 1643 291 1693; x_wconf 89' lang='lat' dir='ltr'>et</span> <span class='ocrx_word' id='word_1_108' title='bbox 306 1629 519 1706; x_wconf 85' lang='lat' dir='ltr'>continentiam,</span> <span class='ocrx_word' id='word_1_109' title='bbox 534 1653 623 1712; x_wconf 90' lang='lat' dir='ltr'>quam</span> <span class='ocrx_word' id='word_1_110' title='bbox 638 1635 775 1694; x_wconf 84' lang='lat' dir='ltr'>virtutem</span> <span class='ocrx_word' id='word_1_111' title='bbox 790 1643 876 1710; x_wconf 81' lang='lat' dir='ltr'>atque</span> <span class='ocrx_word' id='word_1_112' title='bbox 891 1634 980 1694; x_wconf 87' lang='lat' dir='ltr'>animi</span> <span class='ocrx_word' id='word_1_113' title='bbox 1002 1635 1174 1714; x_wconf 80' lang='lat' dir='ltr'>magnitudi-</span> 
     </span>
     <span class='ocr_line' id='line_1_16' title="bbox 180 1719 1224 1788; baseline 0.003 -8"><span class='ocrx_word' id='word_1_114' title='bbox 180 1741 246 1782; x_wconf 85' lang='lat' dir='ltr'>nem</span> <span class='ocrx_word' id='word_1_115' title='bbox 260 1723 436 1788; x_wconf 86' lang='lat' dir='ltr'>desiderare.</span> <span class='ocrx_word' id='word_1_116' title='bbox 475 1737 499 1758; x_wconf 89' lang='grc'>·’</span> <span class='ocrx_word' id='word_1_117' title='bbox 548 1719 549 1724; x_wconf 32' lang='lat'>¹</span> <span class='ocrx_word' id='word_1_118' title='bbox 636 1735 641 1742; x_wconf 87' lang='grc'><em>’</em></span> <span class='ocrx_word' id='word_1_119' title='bbox 719 1739 721 1747; x_wconf 76' lang='grc'>’</span> <span class='ocrx_word' id='word_1_120' title='bbox 1102 1765 1106 1774; x_wconf 76' lang='lat'>,</span> <span class='ocrx_word' id='word_1_121' title='bbox 1188 1727 1224 1783; x_wconf 88' lang='lat'>15</span> 
     </span>
     <span class='ocr_line' id='line_1_17' title="bbox 164 1811 1177 1885; baseline 0.005 -14"><span class='ocrx_word' id='word_1_122' title='bbox 164 1818 168 1827; x_wconf 86' lang='lat'>&#39;</span> <span class='ocrx_word' id='word_1_123' title='bbox 220 1811 299 1872; x_wconf 88' lang='lat' dir='ltr'>Llll.</span> <span class='ocrx_word' id='word_1_124' title='bbox 321 1813 388 1872; x_wconf 90' lang='lat' dir='ltr'>Hac</span> <span class='ocrx_word' id='word_1_125' title='bbox 410 1815 508 1874; x_wconf 84' lang='lat' dir='ltr'>habita</span> <span class='ocrx_word' id='word_1_126' title='bbox 529 1815 676 1885; x_wconf 87' lang='lat' dir='ltr'>concione,</span> <span class='ocrx_word' id='word_1_127' title='bbox 699 1815 786 1872; x_wconf 86' lang='lat' dir='ltr'>etad</span> <span class='ocrx_word' id='word_1_128' title='bbox 809 1823 972 1874; x_wconf 82' lang='lat' dir='ltr'>extremum</span> <span class='ocrx_word' id='word_1_129' title='bbox 998 1815 1177 1876; x_wconf 81' lang='lat' dir='ltr'>confirmatis</span> 
     </span>
     <span class='ocr_line' id='line_1_18' title="bbox 181 1903 1175 1983; baseline 0.006 -23"><span class='ocrx_word' id='word_1_130' title='bbox 181 1903 327 1974; x_wconf 86' lang='lat' dir='ltr'>militibus,</span> <span class='ocrx_word' id='word_1_131' title='bbox 350 1905 398 1962; x_wconf 88' lang='lat' dir='ltr'>Ne</span> <span class='ocrx_word' id='word_1_132' title='bbox 412 1905 448 1963; x_wconf 91' lang='lat' dir='ltr'>ob</span> <span class='ocrx_word' id='word_1_133' title='bbox 471 1906 547 1964; x_wconf 89' lang='lat' dir='ltr'>hanc</span> <span class='ocrx_word' id='word_1_134' title='bbox 571 1920 692 1964; x_wconf 65' lang='lat' dir='ltr'>caumm</span> <span class='ocrx_word' id='word_1_135' title='bbox 716 1906 823 1964; x_wconf 87' lang='lat' dir='ltr'>animo·</span> <span class='ocrx_word' id='word_1_136' title='bbox 838 1918 1084 1983; x_wconf 83' lang='lat' dir='ltr'>permoverentur,</span> <span class='ocrx_word' id='word_1_137' title='bbox 1107 1925 1175 1978; x_wconf 88' lang='lat' dir='ltr'>neu,</span> 
     </span>
     <span class='ocr_line' id='line_1_19' title="bbox 180 1995 1175 2071; baseline 0.004 -19"><span class='ocrx_word' id='word_1_138' title='bbox 180 1995 253 2070; x_wconf 89' lang='lat' dir='ltr'>quod</span> <span class='ocrx_word' id='word_1_139' title='bbox 276 1995 413 2071; x_wconf 90' lang='lat' dir='ltr'>iniquitas</span> <span class='ocrx_word' id='word_1_140' title='bbox 433 1995 490 2054; x_wconf 89' lang='lat' dir='ltr'>loci</span> <span class='ocrx_word' id='word_1_141' title='bbox 512 1995 663 2066; x_wconf 70' lang='lat' dir='ltr'>attulisset,</span> <span class='ocrx_word' id='word_1_142' title='bbox 686 1995 714 2054; x_wconf 92' lang='lat' dir='ltr'>id</span> <span class='ocrx_word' id='word_1_143' title='bbox 728 1997 827 2054; x_wconf 89' lang='lat' dir='ltr'>virtuti</span> <span class='ocrx_word' id='word_1_144' title='bbox 848 1997 973 2056; x_wconf 85' lang='lat' dir='ltr'>hostium</span> <span class='ocrx_word' id='word_1_145' title='bbox 993 1999 1175 2071; x_wconf 83' lang='lat' dir='ltr'>tribuerent3</span> 
     </span>
     <span class='ocr_line' id='line_1_20' title="bbox 180 2083 1177 2165; baseline 0.006 -25"><span class='ocrx_word' id='word_1_146' title='bbox 180 2083 281 2142; x_wconf 89' lang='lat' dir='ltr'>eadem</span> <span class='ocrx_word' id='word_1_147' title='bbox 303 2085 338 2142; x_wconf 89' lang='lat' dir='ltr'>de</span> <span class='ocrx_word' id='word_1_148' title='bbox 360 2084 535 2162; x_wconf 85' lang='lat' dir='ltr'>profectione</span> <span class='ocrx_word' id='word_1_149' title='bbox 552 2086 695 2164; x_wconf 74' lang='lat' dir='ltr'>&#39;cogitans</span> <span class='ocrx_word' id='word_1_150' title='bbox 710 2105 785 2162; x_wconf 85' lang='lat' dir='ltr'>quae</span> <span class='ocrx_word' id='word_1_151' title='bbox 807 2095 873 2144; x_wconf 89' lang='lat' dir='ltr'>ante</span> <span class='ocrx_word' id='word_1_152' title='bbox 891 2097 1032 2158; x_wconf 80' lang='lat' dir='ltr'>senserat,</span> <span class='ocrx_word' id='word_1_153' title='bbox 1047 2088 1177 2165; x_wconf 81' lang='lat' dir='ltr'>legiones</span> 
     </span>
     <span class='ocr_line' id='line_1_21' title="bbox 179 2165 1227 2252; baseline 0.005 -22"><span class='ocrx_word' id='word_1_154' title='bbox 179 2193 216 2230; x_wconf 88' lang='lat' dir='ltr'>ex</span> <span class='ocrx_word' id='word_1_155' title='bbox 238 2165 469 2245; x_wconf 80' lang='lat' dir='ltr'>castriseduxit,</span> <span class='ocrx_word' id='word_1_156' title='bbox 491 2175 643 2252; x_wconf 87' lang='lat' dir='ltr'>aciemque</span> <span class='ocrx_word' id='word_1_157' title='bbox 663 2175 765 2234; x_wconf 90' lang='lat' dir='ltr'>idoneo</span> <span class='ocrx_word' id='word_1_158' title='bbox 788 2176 852 2234; x_wconf 89' lang='lat' dir='ltr'>loco</span> <span class='ocrx_word' id='word_1_159' title='bbox 868 2178 1032 2235; x_wconf 85' lang='lat' dir='ltr'>constituit.</span> <span class='ocrx_word' id='word_1_160' title='bbox 1074 2177 1227 2243; x_wconf 70' lang='lat' dir='ltr'>Quumutt</span> 
     </span>
     <span class='ocr_line' id='line_1_22' title="bbox 180 2263 1176 2342; baseline 0.005 -22"><span class='ocrx_word' id='word_1_161' title='bbox 180 2263 401 2342; x_wconf 84' lang='lat' dir='ltr'>Vercingetorix</span> <span class='ocrx_word' id='word_1_162' title='bbox 427 2265 616 2324; x_wconf 88' lang='lat' dir='ltr'>nihilominus</span> <span class='ocrx_word' id='word_1_163' title='bbox 643 2266 673 2322; x_wconf 89' lang='lat' dir='ltr'>in</span> <span class='ocrx_word' id='word_1_164' title='bbox 701 2283 827 2342; x_wconf 79' lang='lat' dir='ltr'>aequum</span> <span class='ocrx_word' id='word_1_165' title='bbox 855 2265 952 2324; x_wconf 90' lang='lat' dir='ltr'>locum</span> <span class='ocrx_word' id='word_1_166' title='bbox 977 2266 1176 2336; x_wconf 84' lang='lat' dir='ltr'>descenderet,</span> 
     </span>
     <span class='ocr_line' id='line_1_23' title="bbox 180 2353 1174 2432; baseline 0 -20"><span class='ocrx_word' id='word_1_167' title='bbox 180 2353 237 2412; x_wconf 88' lang='lat' dir='ltr'>levi</span> <span class='ocrx_word' id='word_1_168' title='bbox 248 2353 329 2414; x_wconf 57' lang='lat' dir='ltr'>*iacto</span> <span class='ocrx_word' id='word_1_169' title='bbox 342 2355 469 2432; x_wconf 87' lang='lat' dir='ltr'>equestri</span> <span class='ocrx_word' id='word_1_170' title='bbox 483 2353 600 2432; x_wconf 89' lang='lat' dir='ltr'>proelio,</span> <span class='ocrx_word' id='word_1_171' title='bbox 615 2363 702 2431; x_wconf 89' lang='lat' dir='ltr'>atque</span> <span class='ocrx_word' id='word_1_172' title='bbox 714 2375 749 2412; x_wconf 91' lang='lat' dir='ltr'>eo</span> <span class='ocrx_word' id='word_1_173' title='bbox 764 2355 900 2424; x_wconf 82' lang='lat' dir='ltr'>secundo,</span> <span class='ocrx_word' id='word_1_174' title='bbox 910 2357 940 2412; x_wconf 91' lang='lat' dir='ltr'>in</span> <span class='ocrx_word' id='word_1_175' title='bbox 954 2365 1051 2412; x_wconf 87' lang='lat' dir='ltr'>castra</span> <span class='ocrx_word' id='word_1_176' title='bbox 1065 2358 1174 2414; x_wconf 86' lang='lat' dir='ltr'>exerci-</span> 
     </span>
     <span class='ocr_line' id='line_1_24' title="bbox 180 2441 1176 2520; baseline -0.002 -18"><span class='ocrx_word' id='word_1_177' title='bbox 180 2453 241 2502; x_wconf 90' lang='lat' dir='ltr'>tum</span> <span class='ocrx_word' id='word_1_178' title='bbox 266 2443 390 2502; x_wconf 73' lang='lat' dir='ltr'>reduxit:</span> <span class='ocrx_word' id='word_1_179' title='bbox 432 2445 535 2510; x_wconf 83' lang='lat' dir='ltr'>Quum</span> <span class='ocrx_word' id='word_1_180' title='bbox 555 2446 610 2506; x_wconf 88' lang='lat' dir='ltr'>hcc</span> <span class='ocrx_word' id='word_1_181' title='bbox 630 2444 706 2502; x_wconf 88' lang='lat' dir='ltr'>idem</span> <span class='ocrx_word' id='word_1_182' title='bbox 721 2453 833 2520; x_wconf 89' lang='lat' dir='ltr'>postero</span> <span class='ocrx_word' id='word_1_183' title='bbox 846 2442 893 2500; x_wconf 90' lang='lat' dir='ltr'>die</span> <span class='ocrx_word' id='word_1_184' title='bbox 908 2441 1033 2511; x_wconf 85' lang='lat' dir='ltr'>iecisset,</span> <span class='ocrx_word' id='word_1_185' title='bbox 1047 2446 1121 2500; x_wconf 51' lang='lat' dir='ltr'>¹satis</span> <span class='ocrx_word' id='word_1_186' title='bbox 1140 2443 1176 2502; x_wconf 92' lang='lat' dir='ltr'>ad</span> 
     </span>
     <span class='ocr_line' id='line_1_25' title="bbox 180 2531 1175 2614; baseline -0.002 -22"><span class='ocrx_word' id='word_1_187' title='bbox 180 2533 326 2592; x_wconf 82' lang='lat' dir='ltr'>Gallicam</span> <span class='ocrx_word' id='word_1_188' title='bbox 340 2535 555 2614; x_wconf 82' lang='lat' dir='ltr'>ostentationem</span> <span class='ocrx_word' id='word_1_189' title='bbox 577 2532 764 2592; x_wconf 86' lang='lat' dir='ltr'>minuendum</span> <span class='ocrx_word' id='word_1_190' title='bbox 785 2531 970 2606; x_wconf 86' lang='lat' dir='ltr'>militumque</span> <span class='ocrx_word' id='word_1_191' title='bbox 985 2532 1096 2589; x_wconf 87' lang='lat' dir='ltr'>animos</span> <span class='ocrx_word' id='word_1_192' title='bbox 1110 2551 1175 2590; x_wconf 87' lang='lat' dir='ltr'>ocn-</span> 
     </span>
     <span class='ocr_line' id='line_1_26' title="bbox 180 2619 1228 2693; baseline 0 -11"><span class='ocrx_word' id='word_1_193' title='bbox 180 2624 335 2682; x_wconf 80' lang='lat' dir='ltr'>firmandos</span> <span class='ocrx_word' id='word_1_194' title='bbox 357 2619 469 2682; x_wconf 81' lang='lat' dir='ltr'>iactum</span> <span class='ocrx_word' id='word_1_195' title='bbox 489 2625 667 2693; x_wconf 87' lang='lat' dir='ltr'>existimans,</span> <span class='ocrx_word' id='word_1_196' title='bbox 683 2623 713 2680; x_wconf 90' lang='lat' dir='ltr'>in</span> <span class='ocrx_word' id='word_1_197' title='bbox 729 2621 849 2680; x_wconf 87' lang='lat' dir='ltr'>Aeduos</span> <span class='ocrx_word' id='word_1_198' title='bbox 869 2631 967 2679; x_wconf 84' lang='lat' dir='ltr'>castra</span> <span class='ocrx_word' id='word_1_199' title='bbox 987 2621 1085 2678; x_wconf 88' lang='lat' dir='ltr'>movit.</span> <span class='ocrx_word' id='word_1_200' title='bbox 1126 2621 1176 2684; x_wconf 83' lang='lat' dir='ltr'>Ne</span> <span class='ocrx_word' id='word_1_201' title='bbox 1190 2626 1228 2682; x_wconf 78' lang='lat' dir='ltr'>ab</span> 
     </span>
     <span class='ocr_line' id='line_1_27' title="bbox 180 2709 1179 2791; baseline -0.002 -19"><span class='ocrx_word' id='word_1_202' title='bbox 180 2725 241 2774; x_wconf 87' lang='lat' dir='ltr'>turn</span> <span class='ocrx_word' id='word_1_203' title='bbox 255 2714 372 2791; x_wconf 87' lang='lat' dir='ltr'>quidem</span> <span class='ocrx_word' id='word_1_204' title='bbox 394 2715 532 2778; x_wconf 85' lang='lat' dir='ltr'>insecutis</span> <span class='ocrx_word' id='word_1_205' title='bbox 555 2713 692 2784; x_wconf 83' lang='lat' dir='ltr'>hostibus,</span> <span class='ocrx_word' id='word_1_206' title='bbox 707 2711 791 2770; x_wconf 88' lang='lat' dir='ltr'>tertio</span> <span class='ocrx_word' id='word_1_207' title='bbox 812 2711 858 2770; x_wconf 89' lang='lat' dir='ltr'>die</span> <span class='ocrx_word' id='word_1_208' title='bbox 879 2710 917 2768; x_wconf 89' lang='lat' dir='ltr'>ad</span> <span class='ocrx_word' id='word_1_209' title='bbox 936 2711 1045 2770; x_wconf 81' lang='lat' dir='ltr'>{lumen</span> <span class='ocrx_word' id='word_1_210' title='bbox 1067 2709 1179 2770; x_wconf 86' lang='lat' dir='ltr'>Elaver</span> 
     </span>
     <span class='ocr_line' id='line_1_28' title="bbox 180 2803 950 2881; baseline -0.004 -20"><span class='ocrx_word' id='word_1_211' title='bbox 180 2814 294 2881; x_wconf 89' lang='lat' dir='ltr'>pontem</span> <span class='ocrx_word' id='word_1_212' title='bbox 308 2803 418 2874; x_wconf 79' lang='lat' dir='ltr'>refecit,</span> <span class='ocrx_word' id='word_1_213' title='bbox 434 2814 520 2880; x_wconf 89' lang='lat' dir='ltr'>atque</span> <span class='ocrx_word' id='word_1_214' title='bbox 533 2805 695 2862; x_wconf 84' lang='lat' dir='ltr'>exercitum</span> <span class='ocrx_word' id='word_1_215' title='bbox 708 2803 847 2863; x_wconf 84' lang='lat' dir='ltr'>traduxit.</span> <span class='ocrx_word' id='word_1_216' title='bbox 947 2849 950 2858; x_wconf 22' lang='grc' dir='ltr'><strong><em>Δ</em></strong></span> 
     </span>
    </p>

    <p class='ocr_par' dir='ltr' id='par_1_3' title="bbox 180 2892 1299 3966">
     <span class='ocr_line' id='line_1_29' title="bbox 219 2892 1175 2972; baseline 0.001 -20"><span class='ocrx_word' id='word_1_217' title='bbox 219 2892 301 2952; x_wconf 80' lang='lat' dir='ltr'><strong>LIV.</strong></span> <span class='ocrx_word' id='word_1_218' title='bbox 324 2893 367 2954; x_wconf 88' lang='lat' dir='ltr'>lbi</span> <span class='ocrx_word' id='word_1_219' title='bbox 381 2893 593 2952; x_wconf 86' lang='lat' dir='ltr'>aViridornaro</span> <span class='ocrx_word' id='word_1_220' title='bbox 602 2903 693 2971; x_wconf 82' lang='lat' dir='ltr'>‘atque</span> <span class='ocrx_word' id='word_1_221' title='bbox 703 2893 903 2971; x_wconf 78' lang='lat' dir='ltr'>Eporedorige</span> <span class='ocrx_word' id='word_1_222' title='bbox 918 2892 1032 2952; x_wconf 82' lang='lat' dir='ltr'>Aeduis</span> <span class='ocrx_word' id='word_1_223' title='bbox 1049 2895 1175 2972; x_wconf 88' lang='lat' dir='ltr'>appella-</span> 
     </span>
     <span class='ocr_line' id='line_1_30' title="bbox 180 2983 1177 3063; baseline 0.004 -23"><span class='ocrx_word' id='word_1_224' title='bbox 180 2993 235 3052; x_wconf 87' lang='lat' dir='ltr'>tus,</span> <span class='ocrx_word' id='word_1_225' title='bbox 257 2983 349 3054; x_wconf 86' lang='lat' dir='ltr'>discit,</span> <span class='ocrx_word' id='word_1_226' title='bbox 372 3003 440 3042; x_wconf 93' lang='lat' dir='ltr'>cum</span> <span class='ocrx_word' id='word_1_227' title='bbox 468 2984 546 3042; x_wconf 91' lang='lat' dir='ltr'>omni</span> <span class='ocrx_word' id='word_1_228' title='bbox 568 2985 697 3063; x_wconf 87' lang='lat' dir='ltr'>equitatu</span> <span class='ocrx_word' id='word_1_229' title='bbox 727 2983 894 3042; x_wconf 78' lang='lat' dir='ltr'>Litavicum</span> <span class='ocrx_word' id='word_1_230' title='bbox 923 2983 958 3042; x_wconf 90' lang='lat' dir='ltr'>ad</span> <span class='ocrx_word' id='word_1_231' title='bbox 983 2983 1177 3046; x_wconf 75' lang='lat' dir='ltr'>sollicitandod</span> 
     </span>
     <span class='ocr_line' id='line_1_31' title="bbox 181 3072 1299 3160; baseline 0.006 -30"><span class='ocrx_word' id='word_1_232' title='bbox 181 3074 300 3131; x_wconf 88' lang='lat' dir='ltr'>Aeduos</span> <span class='ocrx_word' id='word_1_233' title='bbox 314 3072 492 3150; x_wconf 85' lang='lat' dir='ltr'>profectum:</span> <span class='ocrx_word' id='word_1_234' title='bbox 514 3091 665 3150; x_wconf 79' lang='lat' dir='ltr'>opusessa</span> <span class='ocrx_word' id='word_1_235' title='bbox 679 3083 708 3132; x_wconf 91' lang='lat' dir='ltr'>et</span> <span class='ocrx_word' id='word_1_236' title='bbox 722 3075 798 3154; x_wconf 88' lang='lat' dir='ltr'>ipsos</span> <span class='ocrx_word' id='word_1_237' title='bbox 818 3076 994 3152; x_wconf 86' lang='lat' dir='ltr'>praeoedere</span> <span class='ocrx_word' id='word_1_238' title='bbox 1017 3075 1052 3133; x_wconf 85' lang='lat' dir='ltr'>ed</span> <span class='ocrx_word' id='word_1_239' title='bbox 1073 3077 1175 3136; x_wconf 83' lang='lat' dir='ltr'>confir·</span> <span class='ocrx_word' id='word_1_240' title='bbox 1191 3078 1230 3136; x_wconf 82' lang='grc'>30</span> <span class='ocrx_word' id='word_1_241' title='bbox 1293 3147 1299 3160; x_wconf 29' lang='grc' dir='ltr'>ί</span> 
     </span>
     <span class='ocr_line' id='line_1_32' title="bbox 182 3161 1177 3244; baseline 0.005 -24"><span class='ocrx_word' id='word_1_242' title='bbox 182 3164 315 3222; x_wconf 88' lang='lat' dir='ltr'>mandam</span> <span class='ocrx_word' id='word_1_243' title='bbox 325 3165 482 3222; x_wconf 88' lang='lat' dir='ltr'>civitatem.</span> <span class='ocrx_word' id='word_1_244' title='bbox 525 3161 589 3222; x_wconf 90' lang='lat' dir='ltr'>Etsi</span> <span class='ocrx_word' id='word_1_245' title='bbox 605 3163 704 3220; x_wconf 89' lang='lat' dir='ltr'>multis</span> <span class='ocrx_word' id='word_1_246' title='bbox 715 3165 777 3241; x_wconf 82' lang='lat' dir='ltr'>jam</span> <span class='ocrx_word' id='word_1_247' title='bbox 792 3162 881 3223; x_wconf 87' lang='lat' dir='ltr'>rebus</span> <span class='ocrx_word' id='word_1_248' title='bbox 894 3165 1045 3244; x_wconf 86' lang='lat' dir='ltr'>perfidiam</span> <span class='ocrx_word' id='word_1_249' title='bbox 1061 3165 1177 3224; x_wconf 89' lang='lat' dir='ltr'>Aeduo-</span> 
     </span>
     <span class='ocr_line' id='line_1_33' title="bbox 181 3254 1177 3332; baseline 0.003 -22"><span class='ocrx_word' id='word_1_250' title='bbox 181 3263 246 3311; x_wconf 84' lang='lat' dir='ltr'>rum</span> <span class='ocrx_word' id='word_1_251' title='bbox 270 3254 580 3332; x_wconf 79' lang='lat' dir='ltr'>Gcesarperspectam</span> <span class='ocrx_word' id='word_1_252' title='bbox 601 3255 734 3326; x_wconf 87' lang='lat' dir='ltr'>habebat,</span> <span class='ocrx_word' id='word_1_253' title='bbox 750 3265 836 3332; x_wconf 90' lang='lat' dir='ltr'>atque</span> <span class='ocrx_word' id='word_1_254' title='bbox 858 3258 962 3317; x_wconf 73' lang='lat' dir='ltr'>honum</span> <span class='ocrx_word' id='word_1_255' title='bbox 983 3257 1113 3318; x_wconf 86' lang='lat' dir='ltr'>discessu</span> <span class='ocrx_word' id='word_1_256' title='bbox 1129 3257 1177 3315; x_wconf 85' lang='lat' dir='ltr'>ad.</span> 
     </span>
     <span class='ocr_line' id='line_1_34' title="bbox 181 3345 1178 3422; baseline -0.001 -19"><span class='ocrx_word' id='word_1_257' title='bbox 181 3348 321 3404; x_wconf 83' lang='lat' dir='ltr'>maturari</span> <span class='ocrx_word' id='word_1_258' title='bbox 342 3345 533 3405; x_wconf 86' lang='lat' dir='ltr'>deiectionem</span> <span class='ocrx_word' id='word_1_259' title='bbox 557 3345 683 3407; x_wconf 84' lang='lat' dir='ltr'>civitatis</span> <span class='ocrx_word' id='word_1_260' title='bbox 706 3348 1031 3422; x_wconf 83' lang='lat' dir='ltr'>existimabat;·tamen</span> <span class='ocrx_word' id='word_1_261' title='bbox 1054 3350 1178 3406; x_wconf 81' lang='lat' dir='ltr'>retinen-</span> 
     </span>
     <span class='ocr_line' id='line_1_35' title="bbox 181 3429 1230 3516; baseline -0.002 -22"><span class='ocrx_word' id='word_1_262' title='bbox 181 3437 233 3494; x_wconf 91' lang='lat' dir='ltr'>dos</span> <span class='ocrx_word' id='word_1_263' title='bbox 246 3457 295 3494; x_wconf 88' lang='lat' dir='ltr'>cos</span> <span class='ocrx_word' id='word_1_264' title='bbox 310 3453 367 3494; x_wconf 89' lang='lat' dir='ltr'>non</span> <span class='ocrx_word' id='word_1_265' title='bbox 385 3439 509 3508; x_wconf 88' lang='lat' dir='ltr'>censuit,</span> <span class='ocrx_word' id='word_1_266' title='bbox 531 3456 568 3496; x_wconf 91' lang='lat' dir='ltr'>ne</span> <span class='ocrx_word' id='word_1_267' title='bbox 590 3447 640 3496; x_wconf 89' lang='lat' dir='ltr'>aut</span> <span class='ocrx_word' id='word_1_268' title='bbox 661 3438 768 3498; x_wconf 84' lang='lat' dir='ltr'>inferre</span> <span class='ocrx_word' id='word_1_269' title='bbox 789 3440 927 3516; x_wconf 85' lang='lat' dir='ltr'>injuriam</span> <span class='ocrx_word' id='word_1_270' title='bbox 948 3429 1105 3506; x_wconf 87' lang='lat' dir='ltr'>videretur,</span> <span class='ocrx_word' id='word_1_271' title='bbox 1129 3445 1179 3492; x_wconf 90' lang='lat' dir='ltr'>aut</span> <span class='ocrx_word' id='word_1_272' title='bbox 1226 3431 1230 3436; x_wconf 75' lang='grc'>’</span> 
     </span>
     <span class='ocr_line' id='line_1_36' title="bbox 181 3522 1229 3607; baseline -0.002 -24"><span class='ocrx_word' id='word_1_273' title='bbox 181 3525 250 3584; x_wconf 86' lang='lat' dir='ltr'>dare</span> <span class='ocrx_word' id='word_1_274' title='bbox 265 3528 376 3586; x_wconf 86' lang='lat' dir='ltr'>timoris</span> <span class='ocrx_word' id='word_1_275' title='bbox 391 3527 519 3605; x_wconf 85' lang='lat' dir='ltr'>aliquam</span> <span class='ocrx_word' id='word_1_276' title='bbox 537 3531 741 3607; x_wconf 85' lang='lat' dir='ltr'>suspicionem.</span> <span class='ocrx_word' id='word_1_277' title='bbox 784 3526 1010 3588; x_wconf 88' lang='lat' dir='ltr'>Discedentibus</span> <span class='ocrx_word' id='word_1_278' title='bbox 1025 3529 1069 3584; x_wconf 89' lang='lat' dir='ltr'>hls</span> <span class='ocrx_word' id='word_1_279' title='bbox 1084 3526 1177 3582; x_wconf 82' lang='lat' dir='ltr'>brevi·</span> <span class='ocrx_word' id='word_1_280' title='bbox 1193 3522 1229 3576; x_wconf 77' lang='grc'>35</span> 
     </span>
     <span class='ocr_line' id='line_1_37' title="bbox 181 3609 1179 3697; baseline -0.005 -23"><span class='ocrx_word' id='word_1_281' title='bbox 181 3627 227 3674; x_wconf 85' lang='lat' dir='ltr'>ter</span> <span class='ocrx_word' id='word_1_282' title='bbox 249 3609 350 3676; x_wconf 84' lang='lat' dir='ltr'>sua‘in</span> <span class='ocrx_word' id='word_1_283' title='bbox 365 3619 486 3680; x_wconf 77' lang='lat' dir='ltr'>Aeduos</span> <span class='ocrx_word' id='word_1_284' title='bbox 508 3622 611 3678; x_wconf 88' lang='lat' dir='ltr'>merita</span> <span class='ocrx_word' id='word_1_285' title='bbox 633 3621 766 3697; x_wconf 87' lang='lat' dir='ltr'>exponit:</span> <span class='ocrx_word' id='word_1_286' title='bbox 788 3619 871 3682; x_wconf 83' lang='lat' dir='ltr'>Quos</span> <span class='ocrx_word' id='word_1_287' title='bbox 892 3628 920 3676; x_wconf 89' lang='lat' dir='ltr'>et</span> <span class='ocrx_word' id='word_1_288' title='bbox 942 3633 1031 3692; x_wconf 90' lang='lat' dir='ltr'>quam</span> <span class='ocrx_word' id='word_1_289' title='bbox 1053 3613 1179 3688; x_wconf 83' lang='lat' dir='ltr'>humiles</span> 
     </span>
     <span class='ocr_line' id='line_1_38' title="bbox 183 3703 1180 3786; baseline -0.005 -23"><span class='ocrx_word' id='word_1_290' title='bbox 183 3710 352 3784; x_wconf 88' lang='lat' dir='ltr'>accepisset,</span> <span class='ocrx_word' id='word_1_291' title='bbox 379 3710 543 3785; x_wconf 90' lang='lat' dir='ltr'>compulsos</span> <span class='ocrx_word' id='word_1_292' title='bbox 568 3713 597 3767; x_wconf 91' lang='lat' dir='ltr'>in</span> <span class='ocrx_word' id='word_1_293' title='bbox 619 3710 734 3786; x_wconf 83' lang='lat' dir='ltr'>uppida,</span> <span class='ocrx_word' id='word_1_294' title='bbox 764 3705 900 3763; x_wconf 83' lang='lat' dir='ltr'>multatos</span> <span class='ocrx_word' id='word_1_295' title='bbox 929 3705 1016 3780; x_wconf 85' lang='lat' dir='ltr'>agris,</span> <span class='ocrx_word' id='word_1_296' title='bbox 1045 3703 1180 3761; x_wconf 90' lang='lat' dir='ltr'>omnibus</span> 
     </span>
     <span class='ocr_line' id='line_1_39' title="bbox 184 3793 1178 3875; baseline -0.004 -22"><span class='ocrx_word' id='word_1_297' title='bbox 184 3799 289 3872; x_wconf 82' lang='lat' dir='ltr'>ereptis</span> <span class='ocrx_word' id='word_1_298' title='bbox 302 3799 402 3875; x_wconf 89' lang='lat' dir='ltr'>copiis,</span> <span class='ocrx_word' id='word_1_299' title='bbox 418 3799 549 3875; x_wconf 86' lang='lat' dir='ltr'>imposito</span> <span class='ocrx_word' id='word_1_300' title='bbox 570 3797 720 3874; x_wconf 88' lang='lat' dir='ltr'>stipendio,</span> <span class='ocrx_word' id='word_1_301' title='bbox 735 3793 885 3853; x_wconf 89' lang='lat' dir='ltr'>obsidibus</span> <span class='ocrx_word' id='word_1_302' title='bbox 899 3811 1015 3852; x_wconf 89' lang='lat' dir='ltr'>summa</span> <span class='ocrx_word' id='word_1_303' title='bbox 1029 3795 1097 3852; x_wconf 86' lang='lat' dir='ltr'>cum</span> <span class='ocrx_word' id='word_1_304' title='bbox 1113 3809 1178 3850; x_wconf 80' lang='lat' dir='ltr'>con-</span> 
     </span>
     <span class='ocr_line' id='line_1_40' title="bbox 185 3883 1190 3966; baseline -0.002 -23"><span class='ocrx_word' id='word_1_305' title='bbox 185 3885 305 3944; x_wconf 89' lang='lat' dir='ltr'>tumelia</span> <span class='ocrx_word' id='word_1_306' title='bbox 319 3890 456 3962; x_wconf 74' lang='lat' dir='ltr'>extortis,</span> <span class='ocrx_word' id='word_1_307' title='bbox 480 3898 508 3946; x_wconf 88' lang='lat' dir='ltr'>et</span> <span class='ocrx_word' id='word_1_308' title='bbox 518 3909 607 3966; x_wconf 85' lang='lat' dir='ltr'>quem</span> <span class='ocrx_word' id='word_1_309' title='bbox 621 3890 650 3944; x_wconf 90' lang='lat' dir='ltr'>in</span> <span class='ocrx_word' id='word_1_310' title='bbox 671 3885 824 3953; x_wconf 82' lang='lat' dir='ltr'>fortunam,</span> <span class='ocrx_word' id='word_1_311' title='bbox 839 3899 986 3962; x_wconf 88' lang='lat' dir='ltr'>quamque</span> <span class='ocrx_word' id='word_1_312' title='bbox 1000 3885 1030 3943; x_wconf 91' lang='lat' dir='ltr'>in</span> <span class='ocrx_word' id='word_1_313' title='bbox 1046 3883 1190 3960; x_wconf 63' lang='lat' dir='ltr'>amplitu-⁴</span> 
     </span>
    </p>
   </div>
   <div class='ocr_carea' id='block_1_3' title="bbox 0 0 1434 4340">
    <p class='ocr_par' dir='ltr' id='par_1_4' title="bbox 0 0 1434 4340">
     <span class='ocr_line' id='line_1_41' title="bbox 0 0 1434 4340; baseline 0 0"><span class='ocrx_word' id='word_1_314' title='bbox 0 0 1434 4340; x_wconf 95' lang='lat' dir='ltr'> </span> 
     </span>
    </p>
   </div>
  </div>
 </body>
</html>
