2826 4336
130 301 140 312 “
212 311 271 368 112
569 320 613 366 aa
632 319 737 366 sasso
756 317 900 366 canarno
1129 318 1253 373 renas.

260 460 405 528 amiserat,
421 469 449 515 et
468 458 616 516 celeritate
635 467 663 515 et
685 457 776 532 copiis
796 456 902 526 docuit,
916 454 986 531 quid
1009 455 1113 532 Populi
1127 455 1253 516 Romani

259 545 412 622 disciplina
426 559 513 623 atque
527 565 595 622 opes
602 555 734 622 possent.

299 635 336 693 ll.
358 635 511 694 Interfecto
533 635 735 706 Indutiomaro,
760 645 791 693 ut
812 635 972 705 docuimus,
996 635 1033 692 ad
1054 635 1118 712 ejus
1138 638 1264 713 propin.¹

259 743 331 799 quos
345 745 362 782 a
377 725 513 783 Treviris
530 726 684 801 imperium
698 724 838 782 defertur.
880 725 927 783 Illi
942 725 1077 783 finitimos
1091 725 1252 786 Germanos

227 814 424 885 bsollicitare,
450 825 479 874 et
501 815 654 891 pecuniam
676 815 808 890 polliceri
831 833 888 872 nou
912 814 1068 872 desistunt:
1100 833 1191 891 quum
1215 817 1253 872 ab

259 905 395 980 proximis
409 906 562 982 impetrare
583 923 640 964 non
660 914 782 980 possent,
799 903 949 962 ulteriores
963 913 1081 962 tentant.
1124 904 1253 962 Inventis

258 995 406 1050 nonnullis
420 995 595 1062 civitatibus,
608 992 798 1068 jurejurando
812 994 887 1051 inter
900 1013 931 1051 se
952 995 1130 1062 confirmant,
1146 993 1250 1052 obsidi-

259 1082 371 1157 busque
395 1083 430 1138 do
456 1085 580 1159 pecunia
604 1093 728 1140 cavent:
760 1083 960 1159 Ambiorigem
984 1083 1038 1139 sibi
1061 1083 1197 1141 societate
1221 1092 1251 1142 et

260 1167 373 1228 foedere
388 1171 558 1249 adjungunt.
594 1171 711 1238 Quibus
722 1173 808 1230 rebus
822 1173 951 1248 cognitis,
961 1173 1077 1242 Caesar,
1092 1191 1182 1248 quum
1197 1183 1250 1231 un-

210 1267 246 1322 10
260 1261 346 1336 dique
368 1261 478 1322 bellum
499 1261 594 1338 parari
612 1261 730 1331 videret,
746 1261 880 1332 Nervios,
896 1262 1075 1331 Aduatucos,
1091 1262 1250 1338 Menapios,

260 1351 405 1426 adjunctis
418 1351 605 1410 Cisrhenanis
626 1352 759 1410 omnibus
774 1350 938 1420 Germanis,
953 1369 1016 1409 esse
1034 1353 1065 1408 in
1080 1353 1177 1422 armis,
1199 1353 1249 1410 Se-

259 1459 348 1498 nones
363 1439 398 1496 ad
413 1441 586 1516 imperatum
600 1458 657 1497 non
672 1441 779 1509 venire,
796 1450 823 1498 ct
838 1459 905 1498 cum
920 1440 1097 1498 Carnutibus
1110 1441 1249 1499 finitimis-

259 1547 316 1604 que
331 1529 496 1586 civitatibus
516 1529 636 1586 consilia
658 1530 884 1599 communicare,
899 1549 917 1586 a
936 1530 1067 1588 Treviris
1088 1531 1250 1589 Germanos

258 1615 369 1673 crebris
390 1611 581 1693 legationibus
602 1617 771 1688 sollicitari;
795 1619 937 1677 maturius
956 1620 1011 1676 sibi
1032 1619 1068 1678 de
1083 1619 1158 1678 bello
1172 1623 1248 1697 cogi·

209 1708 244 1760 15
258 1704 377 1760 tandum
392 1705 512 1780 putavit.

297 1791 348 1849 ΙΙΙ.
372 1792 473 1867 ltaque
487 1793 613 1849 nondum
628 1793 722 1850 hieme
734 1793 874 1863 confecta,
890 1796 1026 1870 proximis
1040 1815 1073 1853 1v
1088 1797 1250 1874 legionibus

254 1881 372 1948 coactis,
388 1880 423 1936 de
437 1880 592 1955 improviso
606 1881 636 1936 in
651 1881 723 1938 lines
737 1881 916 1939 Nerviorum
930 1884 1095 1956 contendit3
1120 1897 1157 1954 et,
1167 1891 1250 1963 prius

211 2042 214 2046 ¹
256 1987 344 2042 quam
359 1969 401 2025 illi
417 1978 466 2026 aut
480 1970 635 2026 conuenire
650 1980 700 2026 aut
715 1969 867 2046 profugere
882 1981 1004 2047 possent,
1020 1991 1125 2050 magno
1136 1980 1250 2052 pecoris

257 2068 342 2134 atqua
357 2058 505 2116 hominum
519 2069 842 2136 numerocap10,atque
857 2081 892 2118 ea
907 2061 1013 2137 praeda
1027 2064 1167 2123 militibus
1182 2087 1248 2125 con-

202 2155 243 2208 20
257 2165 347 2216 cessa,
368 2147 543 2224 vastatisque
567 2149 654 2224 agris,
670 2149 699 2205 in
721 2149 891 2206 deditionem
907 2152 1005 2209 venire
1029 2162 1115 2230 atque
1136 2155 1248 2215 obsides

255 2237 309 2310 sibi
324 2237 392 2294 dare
408 2237 509 2314 coegit.
553 2237 598 2296 Eo
618 2238 752 2296 celeriter
766 2238 897 2296 conlecto
915 2241 1038 2318 negotio,
1055 2262 1156 2302 rursus
1176 2245 1246 2324 legi·

254 2343 324 2387 ones
345 2328 376 2384 in
400 2327 520 2384 hiberna
542 2327 664 2387 reduxit.
706 2328 836 2400 Concilio
860 2329 977 2388 Galliae
998 2333 1090 2408 primo
1105 2353 1181 2404 vere,
1204 2337 1246 2394 uti

254 2416 428 2486 instituerat,
448 2416 564 2486 indicto,
575 2437 668 2494 quum
684 2419 797 2493 reliqui,
813 2427 926 2494 praeter
939 2419 1077 2491 Senones,
1092 2423 1245 2494 Carnutes,

255 2505 452 2583 Trevirosque
467 2508 623 2576 venissent,
645 2509 759 2566 initium
776 2509 849 2564 belli
871 2527 906 2566 ao
927 2509 1094 2568 desectionis
1115 2514 1168 2570 hoc
1182 2531 1246 2572 essa

202 2609 241 2662 25
255 2597 420 2668 arbitratus,
444 2603 475 2654 ut
496 2598 592 2656 omnia
614 2607 780 2674 postponere
802 2597 956 2668 videretur,
980 2601 1135 2658 concilium
1157 2601 1244 2660 Lute-

231 2687 324 2744 ¹tiam
349 2687 528 2745 Parisiorum
556 2686 702 2752 transfert.
745 2687 879 2746 Confines
907 2699 989 2746 erant
1016 2690 1045 2746 hi
1074 2691 1244 2762 Senonibus,

253 2777 458 2852 civitatemque
482 2787 597 2859 patrum
622 2777 760 2834 memoria
784 2777 1016 2854 conjunxerant;
1053 2779 1103 2838 sed
1128 2781 1164 2838 ab
1190 2781 1245 2840 hoc

253 2865 376 2948 concilio
397 2863 523 2922 abluisse
538 2866 787 2925 existimabantur.
831 2865 896 2924 Hac
913 2886 1008 2944 repro
1029 2879 1167 2946 suggestu
1182 2867 1243 2946 pro

253 2953 400 3020 nunciata,
415 2952 515 3008 eodem
525 2953 576 3010 'die
596 2973 664 3012 cum
679 2955 841 3032 legionibus
855 2957 885 3014 in
900 2957 1028 3014 Senones
1042 2959 1243 3032 proficiscitur,
1336 3011 1341 3020 .

202 3051 240 3120 39
254 3039 423 3114 magnisque
438 3039 590 3099 itineribus
605 3063 639 3102 eo
654 3047 793 3120 pervenit.

258 3171 261 3176 .
292 3126 345 3184 lv.
368 3127 489 3203 Cognito
503 3129 566 3205 ejus
582 3131 715 3202 adventu,
732 3136 824 3204 Acco,
840 3136 890 3212 qui
906 3136 1039 3213 princeps
1053 3137 1116 3213 ejus
1130 3139 1243 3198 consilii

154 3239 159 3248 ·
252 3212 354 3285 fuerat,
367 3215 450 3290 jubet
470 3217 500 3272 in
521 3219 623 3294 oppida
641 3221 853 3281 multitudinem
868 3225 1041 3282 convenire:
1063 3228 1242 3299 conantibus,

251 3305 332 3382 prius
359 3323 447 3380 quam
474 3306 503 3362 id
530 3307 606 3365 effici
634 3321 736 3386 posset,
765 3305 866 3372 adesse
895 3313 1040 3373 Romanos
1066 3318 1243 3378 nunciatur:

251 3394 415 3468 necessario
434 3397 577 3453 sententia
599 3397 747 3469 desistunt,
769 3401 936 3483 legatosque
958 3403 1131 3481 deprecandi
1153 3426 1245 3466 causa

200 3499 238 3557 35
252 3484 287 3542 ad
301 3483 457 3542 Caesarem
472 3485 604 3544 mittunt:
620 3487 727 3546 adeunt
741 3508 792 3565 per
807 3491 935 3562 Aeduos,
948 3511 1070 3569 quorum
1086 3497 1244 3572 antiquitus

250 3582 312 3630 erat
333 3575 362 3630 in
383 3572 439 3630 lide
460 3573 572 3632 civitas.
615 3575 753 3634 Libenter
771 3578 880 3638 Caesar
892 3584 1054 3657 petentibus
1069 3585 1181 3642 Aeduis
1195 3587 1244 3645 dat

251 3662 374 3730 veniam,
399 3664 671 3742 excusationemque
700 3669 825 3743 accipit3
858 3671 933 3746 quod
962 3674 1105 3732 aestivum
1132 3685 1243 3754 tempus

250 3749 381 3808 instantis
396 3751 474 3822 belli,
497 3772 552 3812 non
574 3755 749 3829 quaestionis
764 3777 825 3814 esse
841 3761 1045 3818 arbitrabatur.
1087 3761 1242 3822 Obsidibus

249 3826 396 3912 imperatis
417 3853 543 3921 centnm,
566 3843 617 3902 hos
638 3843 750 3904 Aeduis
770 3847 971 3922 custodiendos
991 3851 1087 3910 tradit.
1130 3851 1240 3910 Eodem
