2830 4326
453 651 494 722 0.
525 648 663 724 IULII
695 649 937 725 CAESARIS

302 886 1079 1006 tounuurrumuun

397 1141 468 1209 DE
507 1143 692 1208 BELLO
727 1143 997 1209 GALLICO-

572 1347 715 1406 LIBER
738 1348 812 1408 III.

452 1705 456 1712 ’
540 1725 839 1792 resumendum,

229 1845 289 1894 Gur.
307 1845 328 1893 1.
352 1845 403 1894 Ser.
421 1844 501 1894 Galba
517 1845 612 1910 legatus
630 1837 754 1906 quaedam
764 1844 825 1893 inter
840 1842 915 1904 Alpes
930 1848 955 1890 et
974 1841 1121 1892 Rhodanum
1137 1843 1195 1890 sitas

197 1926 290 1985 gentes,
305 1921 415 1968 secundis
427 1921 513 1981 aliquot
524 1921 624 1982 proeliis,
635 1920 729 1982 subigit.
764 1919 799 1966 11.
817 1918 926 1966 Sedunos
938 1917 1101 1982 Veragrosque
1118 1917 1194 1965 rebel·

197 1997 276 2044 lantes
294 1997 361 2060 gravi
380 1997 448 2043 clade
468 1994 558 2060 affligit
602 1994 660 2042 VII.
682 1994 776 2042 Eodem
794 2000 901 2055 tempore
919 2000 944 2042 at
963 1995 1079 2042 rebellant
1096 1991 1194 2050 Veneti,

135 2089 138 2092 ·
197 2069 286 2128 Unelli,
298 2071 508 2132 Curiosolitaeque‚
520 2076 550 2119 et„
562 2071 602 2118 alii
613 2071 643 2118 ad
654 2085 775 2118 oceanum
791 2071 816 2117 in
827 2069 921 2118 Celtica
931 2071 1020 2132 populi.
1053 2068 1112 2116 XII.
1129 2069 1195 2116 Cae·
1285 2081 1289 2084 ·

197 2161 245 2202 sar,
256 2146 297 2194 diu
311 2147 397 2194 frustra
407 2146 511 2194 terrestri
522 2145 584 2194 bello
595 2146 709 2194 lacessitis
726 2143 832 2200 Venetis,
864 2143 933 2192 XIV.
947 2145 1046 2192 tandem
1056 2145 1137 2192 navali
1154 2157 1196 2191 ecs

197 2226 299 2282 superat.
323 2216 405 2269 XVII.
422 2221 490 2269 Dum
500 2221 592 2269 interea
602 2221 676 2268 etiam
687 2221 768 2284 legati,
780 2218 811 2276 Q
823 2218 930 2268 'liturius
942 2235 999 2268 cum
1010 2219 1116 2267 Unellis:
1139 2217 1196 2266 XX.

198 2294 225 2342 P.
236 2294 337 2344 Crassus
353 2311 410 2345 cum
426 2295 571 2357 Aquitaniae
589 2296 749 2358 compluribus
765 2295 864 2358 populis,
881 2295 981 2342 feliciter
996 2295 1085 2342 bellum
1101 2301 1195 2358 gerunt.

197 2367 317 2418 XXVIII.
334 2371 434 2428 Caesar,
447 2370 554 2420 Morinos
571 2370 744 2434 Menapiosque
761 2385 894 2434 aggressus,
905 2371 936 2417 ob
952 2370 1009 2418 anni
1020 2375 1116 2432 tempus
1127 2384 1195 2418 exer-

198 2445 273 2496 citum
287 2446 386 2496 reducit

238 2584 262 2643 Ι.
283 2585 377 2650 Quum
399 2587 429 2644 iu
450 2584 565 2645 Italiam
580 2585 813 2662 proficisceretur
826 2583 945 2654 Caesar,
965 2583 1049 2641 Serv.
1067 2582 1195 2641 Galbam

198 2693 268 2732 oum
291 2674 407 2752 legione
431 2675 602 2734 duodecima
625 2685 654 2732 et
681 2685 762 2752 perte
787 2675 941 2750 equitatus,
966 2674 997 2730 in
1021 2673 1195 2743 Nantuates,

199 2763 357 2842 Veragros,
378 2765 567 2841 Sedunosque
589 2767 675 2834 misit,
696 2765 747 2841 qui
768 2765 806 2822 ab
826 2764 932 2822 finibus
952 2763 1152 2840 Allobrogum,
1167 2772 1196 2820 et

199 2851 269 2908 lacu
283 2851 443 2922 Lemanno,
458 2863 488 2910 et
507 2855 627 2912 flumme
648 2855 788 2912 Rhodano
803 2853 839 2912 ed
853 2873 983 2911 summas
1002 2853 1095 2929 Alpes
1109 2854 1195 2928 perti-

169 2947 279 3000 orent.
321 2942 419 2998 Causa
432 2943 562 3000 mittendi
583 2943 645 3015 fuit,
660 2945 736 3022 quod
758 2947 813 3003 iter
834 2963 886 3022 per
900 2945 1000 3021 Alpes,
1014 2961 1072 3020 quo
1090 2961 1197 3020 magno

200 3047 268 3090 cum
291 3030 420 3104 periculo
442 3033 612 3108 magnisque
633 3053 701 3092 cum
726 3037 857 3112 portoriis
877 3044 1052 3093 mercatores
1072 3035 1115 3091 ire
1129 3053 1196 3091 con-

200 3126 327 3187 suerunt,
350 3119 480 3194 patefieri
494 3120 616 3179 volebat.
658 3123 738 3182 Huic
759 3126 897 3202 permisit,
912 3126 937 3182 si
957 3144 1029 3202 opus
1043 3143 1106 3181 esse
1121 3125 1195 3182 arbi·

199 3214 335 3275 trenetur,
346 3208 387 3264 uti
401 3208 431 3263 iu
445 3209 488 3265 eis
501 3209 573 3268 locis
587 3210 739 3286 legionem,
757 3215 904 3272 hiemandi
918 3209 1017 3285 causa',
1029 3213 1194 3276 collocaret.

202 3295 306 3365 Galba,
321 3297 456 3354 secundis
470 3297 579 3374 aliquot
596 3300 712 3376 proeliis
733 3302 826 3374 factis,
842 3289 1034 3381 castellisque
1042 3303 1196 3379 compluri-

150 3390 189 3448 10
201 3387 256 3445 bus
269 3404 369 3444 corum
384 3389 564 3464 expugnatis,
581 3388 675 3446 missis
690 3391 807 3449 adeum
822 3394 949 3470 undique
964 3394 1077 3472 legatis,
1092 3393 1196 3452 obsidi-

201 3478 312 3554 busque
327 3476 409 3547 datis,
424 3486 453 3534 et
473 3496 545 3554 paee
567 3476 653 3548 facta,
669 3482 815 3540 constituit
836 3485 968 3541 cohortes
981 3483 1055 3550 duas
1069 3484 1099 3540 in
1114 3482 1197 3541 Nen-

200 3569 329 3626 tuatibus
337 3568 489 3644 collocare,
499 3577 529 3626 et
541 3569 602 3646 ipse
613 3587 681 3626 eum
696 3569 817 3648 reliquis
826 3573 889 3649 ejus
898 3574 1021 3652 legionis
1032 3575 1199 3634 cohortibus

200 3656 231 3713 iu
260 3658 325 3715 vico
349 3656 558 3736 Veragrorum,
583 3658 635 3736 qui
660 3660 824 3738 appellatur
847 3662 1023 3736 Octodurus,
1049 3665 1197 3724 hiemare:

199 3746 251 3820 qui
278 3747 371 3817 vicus,
399 3751 508 3826 positus
535 3749 565 3808 in
590 3750 676 3822 valle,
704 3769 762 3810 non
790 3769 897 3832 magna
921 3753 1036 3830 adjectu
1065 3753 1198 3829 planitie,

151 3832 347 3894 radosslaus
366 3840 510 3898 montibus
531 3839 659 3918 undique
676 3843 850 3904 continetur.
892 3842 995 3910 Quum
1017 3845 1110 3904 hiciu
1124 3844 1199 3903 duas
