2804 4312
169 259 310 308 ΟΔΜΗΘ·
457 217 462 224 t
570 255 666 303 Ltustt
686 253 812 310 Pullius
840 272 843 281 ¹
1168 251 1213 311 23

204 394 316 454 XXVI·
338 392 382 452 Ite
396 393 513 470 ancipiti
527 393 636 468 proelio
649 393 698 452 diu
714 403 799 470 etque
814 394 920 452 aeriter
930 403 1090 470 pugnatum
1102 405 1156 454 est

164 483 284 544 Diutius
292 503 385 560 quum
398 493 562 547 nostrorum
575 484 699 559 impetus
712 485 854 543 sustinere
869 503 925 542 non
940 496 1061 559 possent,
1073 486 1158 544 elteri

163 595 205 646 se,
228 587 260 634 ut
281 575 491 651 cooperantis
514 583 639 632 montem
662 585 851 653 reoeperunt3
876 576 958 634 elteri
981 577 1016 634 ed
1038 578 1156 654 impedi-

164 675 261 724 rents
275 675 304 723 et
318 682 418 722 osrros
431 683 500 724 suos
512 683 544 722 ss
559 663 752 723 contulerunt.
795 665 825 722 N
828 685 876 724 sm
893 666 948 724 hoo
968 677 1025 726 toto
1039 657 1155 743 proelio,

163 772 255 832 quum
274 755 310 814 ub
331 755 402 812 hora
422 754 547 830 septime
568 752 605 812 ed
620 771 773 830 vesperum
788 765 948 832 pugnatum
960 758 1006 826 sit,
1022 765 1188 820 eversumt

164 849 274 906 hostem
293 847 392 908 videre
414 865 500 906 nemo
522 847 621 922 potuit.
664 845 713 904 td
736 847 856 904 multem
877 857 990 908 uectem
1010 850 1099 910 etiem
1120 849 1157 908 ed

164 937 375 1014 impedimenta·
391 946 552 1012 pugnatum
573 945 625 1005 est,
640 945 789 1012 propterea
807 937 882 1012 quod
903 955 954 1013 pro
968 939 1045 996 vello
1058 957 1157 998 oerros

159 1027 341 1102 objecerunt,
354 1036 384 1084 et
398 1045 414 1082 e
429 1027 493 1084 loeo
514 1026 662 1101 superiore
676 1027 707 1084 iu
727 1035 838 1084 nostros
851 1028 999 1086 venientes
1018 1028 1077 1086 tels
1089 1047 1156 1088 eon·

160 1115 310 1190 jipiebent,
322 1125 350 1174 et
361 1113 492 1174 nonnulli
503 1114 577 1172 iuter
585 1132 685 1172 carros
698 1124 831 1190 rotasque
842 1125 969 1174 meteres
978 1136 1013 1174 ee
1027 1118 1158 1193 tragulas

164 1205 366 1280 subjiciebant,
382 1214 548 1283 nostrosque
563 1203 765 1262 vulnerabunt.
807 1203 866 1261 Diu
881 1223 973 1279 quum
992 1215 1068 1263 esset
1086 1225 1157 1282 pug-
1173 1209 1211 1264 10

164 1303 278 1363 netum,
292 1293 501 1368 impedimentis
515 1295 676 1376 castrisque
690 1293 779 1350 nostri
793 1293 872 1368 potiti
887 1303 963 1352 sunt.
1005 1293 1048 1352 lbi
1067 1294 1157 1371 Orge.

165 1383 269 1460 torigis
291 1382 362 1452 filie,
378 1391 462 1457 etque
487 1401 562 1440 unus
583 1403 599 1440 e
621 1383 690 1442 filiis
711 1391 813 1457 eaptus
831 1391 884 1440 est.
927 1381 974 1440 Ex
996 1401 1030 1440 eo
1052 1385 1159 1460 proelio

163 1473 286 1530 circiter
318 1472 410 1529 millis
436 1473 582 1531 hominum
614 1489 694 1531 cxxx
721 1470 937 1547 superfuerunt,
974 1492 1067 1549 eaque
1101 1483 1159 1532 tots

165 1573 254 1622 noete
268 1564 446 1622 eontinenter
458 1564 574 1622 ierunt:
596 1561 711 1620 nullom
723 1571 835 1638 partem
848 1564 941 1622 noetis
954 1563 1056 1622 itinere
1070 1565 1156 1624 inter·

164 1654 260 1723 misso,
276 1653 306 1710 in
327 1653 400 1713 fines
421 1651 587 1728 Lingonum
609 1651 655 1710 die
677 1661 780 1728 quarto
800 1663 1004 1728 pervenerunt,
1018 1673 1110 1729 quum
1129 1665 1157 1713 et
1172 1656 1231 1712 tt.

165 1753 280 1820 propter
304 1743 428 1808 vulnere
449 1742 582 1811 militum,
602 1751 631 1800 et
651 1751 765 1817 propter
786 1744 965 1819 sepulturam
986 1745 1156 1815 occisorum,

109 1839 122 1860 ·
164 1835 261 1904 nostri,
276 1833 406 1892 triduum
419 1831 532 1901 moreti,
548 1851 597 1888 eos
611 1832 694 1907 sequi
714 1849 771 1890 nou
790 1833 956 1908 potuissent.
999 1833 1107 1892 Cneser
1120 1834 1157 1892 ed

165 1923 313 2002 Lingones
327 1924 427 1982 literas
440 1923 619 1997 nunoiosque
634 1922 719 1991 misit,
734 1941 770 1980 ne
785 1941 833 1980 eos
844 1921 996 1992 frumento,
1010 1941 1084 1981 neve
1099 1923 1157 1982 elis

166 2032 197 2072 re
208 2015 362 2090 juvarent:
384 2012 473 2088 quisi
491 2011 643 2086 juvissent,
658 2031 689 2070 se
710 2011 810 2070 eodem
832 2012 905 2081 loeo,
919 2031 976 2087 quo
997 2012 1155 2082 Helvetios,

165 2103 341 2162 habiturum.
383 2101 459 2177 Ipse,
474 2099 568 2159 triduo
587 2101 756 2171 intermisso,
772 2119 839 2158 oum
853 2102 985 2159 omnibus
1005 2102 1094 2177 eopiis
1107 2119 1156 2160 eos
1167 2103 1209 2160 20

163 2193 247 2268 sequi
260 2193 369 2268 eoepitr

206 2267 332 2338 XXVII.
354 2279 492 2349 Helvetii,
515 2281 644 2340 munium
668 2299 765 2340 rerum
785 2281 880 2358 inopie
902 2279 1028 2351 edduoti,
1047 2281 1157 2359 legatos

164 2369 201 2432 de
223 2354 365 2428 deditione
387 2369 423 2428 ed
446 2389 515 2428 sum
537 2371 687 2429 miserunt.
729 2371 791 2435 Qui
805 2389 896 2445 quum
914 2385 982 2428 eum
1003 2371 1033 2426 in
1055 2371 1156 2428 itinere

163 2456 375 2530 convertissent,
403 2479 492 2536 seque
520 2460 555 2518 sd
584 2460 672 2536 pedes
703 2460 898 2534 projecissent,
931 2459 1156 2532 suppliciterque

164 2551 256 2612 locuti
277 2551 377 2610 flentes
391 2570 493 2627 paoem
514 2552 660 2627 petissent,
677 2559 763 2624 etque
784 2567 833 2604 eos
847 2548 877 2604 in
891 2565 925 2604 eo
939 2545 1010 2614 loeo,
1025 2555 1157 2620 quotum
1169 2551 1208 2606 25

164 2652 270 2711 essem,
285 2659 371 2698 suum
385 2640 542 2698 adventum
555 2647 725 2714 exspectare
743 2635 885 2711 jussisset,
901 2643 1070 2710 paruerunt.
1112 2613 1176 2690 Eo·

164 2741 316 2808 postquem
329 2731 439 2789 Cseser
453 2729 592 2806 pervenit,
607 2727 729 2797 obsides,
745 2744 837 2794 erma,
858 2743 966 2794 serves,
986 2725 1036 2800 qui
1051 2723 1086 2782 ed
1107 2743 1156 2782 eos

164 2818 367 2897 perfugissent,
391 2819 528 2898 poposcit.
570 2817 650 2876 Dum
670 2835 705 2875 ee
726 2816 937 2892 conquiruntur
956 2824 985 2873 et
1005 2813 1156 2874 conferun-

164 2919 222 2980 tur,
236 2919 320 2967 noote
343 2909 515 2976 intermisse,
539 2907 656 2964 eiroiter
677 2907 825 2966 hominum
841 2905 932 2968 millis
946 2923 978 2964 vr
1000 2906 1065 2982 ejus
1078 2907 1155 2984 pegi,

163 2999 216 3076 qui
229 2997 415 3075 Verbigenus
437 2996 609 3074 appelletur,
624 2996 686 3054 sive
707 2997 807 3054 timore
828 2996 981 3071 perterriti,
1003 3015 1049 3066 ne,
1068 2997 1156 3056 ermis
1169 3001 1207 3058 30

164 3087 285 3157 truditis,
299 3087 441 3164 supplicio
462 3085 657 3154 sffioerentur,
674 3085 736 3142 sire
750 3103 802 3160 spe
821 3085 923 3144 salutIs
938 3085 1055 3154 inducti,
1070 3085 1155 3160 quod,

165 3177 196 3234 iu
210 3185 289 3234 tantu
303 3175 485 3234 multitudine
505 3171 708 3244 dedititiorum,
724 3192 807 3232 suam
827 3173 927 3252 irrgum
941 3184 991 3232 eut
1004 3175 1154 3244 occultari,

165 3276 216 3324 eut
229 3266 344 3324 omniuo
358 3265 486 3342 ignorari
495 3283 576 3340 posse
590 3264 795 3334 existimarent,
807 3265 899 3340 prime
910 3275 992 3323 noete
1004 3283 1040 3322 ex
1053 3265 1156 3324 cestris

165 3353 367 3436 Helvetiorum
380 3354 499 3430 egressi,
516 3352 552 3410 ed
564 3353 699 3412 Rhenum
714 3354 843 3428 finesque
862 3353 1075 3412 Germanorum
1089 3370 1155 3410 oon·

165 3442 331 3500 tenderunt.
1169 3443 1207 3498 3⁵

207 3531 346 3590 XXVIII.
369 3531 456 3598 Quod
470 3533 519 3590 ubi
530 3533 638 3592 Cesset·
652 3533 759 3601 resciit,
768 3551 892 3606 quorum
906 3547 959 3607 per
971 3529 1043 3584 fines
1053 3528 1155 3594 lerunt,

164 3622 220 3690 his,
233 3623 278 3678 trti
286 3623 489 3697 oonquirerent
502 3633 531 3688 et
545 3623 725 3690 redueerent,
737 3622 762 3680 si
776 3621 830 3678 sibi
841 3617 956 3694 purgati
966 3633 1029 3672 esse
1039 3613 1154 3682 vellent,

165 3711 335 3784 imperavit:
367 3711 501 3770 reduetos
526 3713 555 3768 in
581 3713 705 3770 hostium
730 3725 852 3766 nunmro
880 3703 995 3763 hebuit:
1031 3701 1156 3778 reliquos

165 3817 275 3870 ornnes,
289 3799 443 3878 obsidibus,
459 3802 555 3870 armis,
577 3800 706 3884 perfugIs
720 3794 840 3863 truditis,
864 3793 894 3849 in
914 3789 1087 3852 deditionem
1108 3811 1155 3852 se·

664 3891 682 3940 :t
