2826 4336
196 271 239 328 Μ
556 279 599 324 nu
619 275 722 324 netto
741 277 882 324 uitrico
1088 277 1236 330 [omnm.

249 465 252 472 .
290 417 384 474 XXV.
407 417 480 474 Erat
500 417 529 472 in
547 415 724 472 Carnutibus
743 434 856 472 summo
877 415 1048 473 loeo'natus
1069 413 1237 490 Tasgetius,

155 499 159 510 “
248 505 333 578 cujus
355 505 477 578 majores
499 506 528 560 in
551 523 605 560 sua
627 504 744 559 civitate
767 521 889 579 regnum
913 505 1108 561 obtinuerant.
1156 502 1237 560 Huic

248 593 431 668 Consumpto
450 593 513 666 ejus
531 593 636 650 virtuto
661 601 746 665 atque
769 593 800 648 in
821 612 853 650 se
876 592 1086 661 benevolentia,
1108 591 1183 666 quod
1205 593 1236 648 in

247 681 380 740 omnibus
407 681 489 738 bellis
509 680 652 757 singulari
674 681 740 755 ejus
761 699 849 756 opera
871 679 965 738 Inerat
988 697 1067 748 usus,
1093 681 1235 754 majorum

214 769 344 828 bloonm
366 772 537 828 restituerat.
587 769 722 829 Tertium
745 769 807 844 jam
830 769 908 828 huno
933 787 1044 826 annum
1067 779 1236 845 regnantem

247 858 357 916 inimici
371 859 476 935 palam,
488 858 587 914 multis
601 858 687 914 etiarn
701 877 738 914 ex
749 859 865 914 civitate
880 858 1055 925 auctoribus,
1067 875 1135 912 eum
1149 858 1235 914 inter·

184 938 190 1001 l
248 944 388 1004 fecerunt.
430 946 569 1009 Defertur
583 965 619 1003 ea
634 965 680 1004 res
694 946 731 1002 ad
748 946 916 1004 Caesarem.
959 945 1011 1004 Ille
1026 946 1143 1013 veritus,
1158 945 1236 1019 qnod

178 1061 181 1066 ·
247 1033 285 1090 ad
306 1036 404 1110 plures
425 1037 593 1110 pertinebat,
608 1053 646 1092 ne
657 1035 762 1092 otviass
776 1054 876 1092 eorum
890 1035 1017 1110 impulsu
1031 1033 1179 1100 delineret,
1194 1032 1233 1090 L.
1323 1067 1324 1070 =

248 1121 390 1180 Plancum
409 1143 477 1180 cum
498 1124 611 1200 legione
630 1142 667 1182 ex
685 1123 788 1198 Belgio
802 1125 936 1182 eeleriter
949 1124 980 1180 in
994 1122 1136 1180 Carnutes
1151 1121 1234 1195 profi·

195 1213 236 1268 to
249 1211 319 1268 nisui
341 1213 432 1287 jubet,
457 1214 554 1288 ibique
577 1213 724 1284 hiemare3
755 1231 935 1288 quorumque
957 1229 1046 1286 opera
1068 1210 1236 1284 cognoverit

249 1297 421 1376 Tasgetium
449 1300 641 1370 intersertum,
665 1301 716 1358 hos
743 1301 963 1376 comprehensos
988 1299 1025 1356 ad
1052 1318 1083 1354 se
1109 1299 1233 1357 mittere.

248 1386 367 1447 Interim
381 1392 418 1448 ab
430 1390 563 1446 omnibus
582 1389 684 1465 legatis
698 1389 966 1462 quaestoribusque,
981 1387 1087 1462 quibus
1108 1386 1235 1462 legiones

248 1477 412 1546 tradiderat,
423 1479 529 1534 certior
540 1476 634 1534 santus
644 1486 695 1544 est,
710 1477 741 1531 in
756 1477 876 1534 hiberna
887 1485 1067 1550 perventum,
1078 1475 1235 1549 locumque

218 1579 220 1590 ⁴
247 1561 374 1618 bibernis
387 1583 451 1620 essa
465 1563 619 1620 munitum.

197 1651 234 1706 15
288 1649 399 1706 XXVI.
434 1649 544 1706 Diebus
572 1651 751 1717 eiroiterxv,
776 1650 882 1722 quibus
911 1650 941 1704 in
970 1649 1091 1706 hiberna
1116 1659 1237 1706 ventum

247 1745 298 1802 est,
320 1737 433 1791 initium
454 1737 595 1808 repentini
615 1737 756 1792 tum-ultus
775 1755 810 1794 an
828 1736 996 1794 defentionis
1017 1744 1112 1798 ortum
1133 1746 1177 1794 est
1199 1739 1237 1798 ab

248 1822 416 1896 Ambiorige
428 1833 458 1878 et
472 1821 635 1878 CatIvoloo:
657 1823 707 1896 qui
721 1841 812 1897 quum
827 1823 862 1880 ad
881 1823 954 1878 fines
968 1823 1050 1897 regni
1064 1824 1111 1878 sui
1123 1823 1236 1884 Sabino

246 1908 403 1984 Cottaeque
413 1918 526 1984 praesto
540 1908 668 1977 fuissent,
679 1909 913 1984 frumentumque
924 1911 954 1968 iu
966 1910 1087 1966 hiberna
1104 1929 1235 1986 compor-

245 1998 392 2066 taviuent
408 1997 594 2054 Indutiomari
610 1997 724 2056 TrevIri
745 1998 1005 2074 nunoiisimpulsi,
1020 2017 1088 2056 suos
1108 2001 1234 2058 oonoita-

193 2091 234 2146 'dil
248 2095 359 2154 verunt,
374 2087 524 2160 subitoque
537 2088 680 2160 oppressis
697 2086 896 2162 lignatoribus,
912 2104 1019 2162 magna
1033 2104 1122 2145 manu
1140 2098 1235 2146 eastra

246 2183 602 2250 oppugnetumvenernnt.
635 2175 736 2239 Quum
746 2175 880 2232 celeriter
890 2176 979 2232 nostri
991 2177 1233 2250 armaoepissent,

247 2261 414 2338 vallumque
430 2263 652 2332 adscendissent,
665 2273 752 2338 atque
768 2281 826 2322 una
837 2281 873 2320 ex
888 2274 968 2338 parte
984 2263 1122 2338 Hispanis
1131 2265 1234 2339 equiti·

247 2350 301 2407 bus
315 2353 435 2420 emissis,
447 2353 573 2426 equestri
588 2351 696 2428 proelio
710 2353 872 2426 superiores
888 2352 1017 2420 fuissent,
1029 2351 1180 2426 desperata
1190 2369 1232 2420 re,

247 2439 342 2498 hostes
363 2459 432 2498 *suos
457 2441 493 2496 ab
517 2441 728 2516 oppugnatione
754 2440 939 2498 reduxerunt.
981 2440 1060 2496 Tum
1081 2458 1134 2496 suo
1154 2457 1233 2496 more

193 2539 234 2594 nn
247 2527 511 2596 conclamaverunt,
527 2529 569 2585 uti
589 2529 680 2604 aliqui
700 2547 736 2585 ex
756 2529 859 2586 nostris
882 2529 918 2584 ed
939 2529 1117 2602 colloquium
1141 2527 1233 2602 prodi.

248 2627 329 2689 rent3
352 2617 469 2676 Habere
490 2637 563 2686 sese,
578 2636 654 2692 quae
668 2617 703 2674 de
718 2635 749 2674 re
764 2617 911 2674 communi
925 2617 1022 2674 dioere
1037 2616 1154 2684 vellent,
1170 2619 1232 2689 qui·

246 2707 302 2762 bus
315 2707 402 2762 rebus
416 2707 623 2764 controversias
638 2705 730 2763 minui
744 2723 823 2779 posse
838 2715 996 2778 sperarent.

288 2791 412 2848 XXVII.
436 2793 559 2850 Mittitur
578 2777 622 2849 ad'
634 2813 682 2849 eos
703 2793 882 2867 colloquendi
901 2802 991 2849 eausa
1008 2792 1043 2848 C.
1065 2791 1233 2866 Arpineius,

247 2895 337 2949 eques
364 2879 522 2946 Romanus,
550 2879 701 2938 familiaris
727 2880 766 2944 Q.
797 2881 914 2948 Titurii,
942 2890 971 2936 et
998 2880 1037 2943 Q.
1055 2879 1169 2934 'Iunius
1195 2895 1234 2934 ex

193 2973 235 3027 30
248 2961 389 3036 Hispanis
399 2965 525 3036 quidam,
537 2968 586 3040 qui
594 2968 655 3040 jam
667 2978 732 3025 ante
744 2971 833 3028 missu
842 2968 975 3040 Caesaris
986 2966 1021 3022 ad
1032 2966 1234 3040 Ambiorigem

248 3051 389 3106 ventitare
404 3065 609 3110 consueverat:
631 3057 708 3129 apud
721 3075 794 3130 quos
808 3055 958 3113 Ambiorix
973 3053 1008 3108 ad
1023 3054 1100 3110 huno
1115 3053 1234 3110 modurn

244 3136 361 3192 loeutus
379 3149 441 3192 est:
468 3139 547 3206 Sese,
569 3160 620 3214 pro
638 3143 772 3200 Caesaris
792 3145 823 3199 in
843 3163 874 3199 se
896 3141 1050 3208 boneficiis,
1074 3139 1234 3213 plurimum

246 3225 275 3280 ei
294 3224 424 3280 confiteri
444 3225 557 3294 debere,
573 3230 648 3301 qnod
663 3231 727 3304 ejus
740 3249 829 3304 opera
842 3228 980 3305 stipendio
995 3229 1133 3284 liberatus
1147 3239 1233 3296 osset,

247 3311 323 3388 quod
337 3311 500 3368 Aduatuois
514 3313 643 3372 finitimIs
657 3319 717 3373 suis
731 3319 856 3392 pendere
870 3325 1044 3384 consuesset,
1059 3315 1191 3390 quodque
1206 3317 1235 3372 ei

195 3409 235 3466 35
248 3410 277 3460 et
289 3401 367 3456 filius
380 3410 409 3456 et
423 3399 520 3458 fratris
531 3401 608 3458 filins
623 3403 658 3458 ab
668 3404 794 3462 Caesare
809 3407 921 3464 remissi
935 3414 1040 3472 essent,
1048 3423 1118 3478 quos
1133 3403 1233 3460 Adua-

188 3541 194 3551 .
245 3491 317 3558 tuni,
332 3487 462 3546 obsidum
483 3507 603 3546 numero
621 3491 731 3560 missos,
747 3492 823 3565 apud
836 3512 868 3550 sa
883 3494 914 3548 in
928 3493 1067 3551 servitute
1081 3501 1110 3548 et
1123 3493 1235 3548 eatenis

247 3578 422 3634 tenuissent:
437 3595 531 3652 neque
543 3577 580 3645 id,
592 3576 668 3652 quod
679 3577 780 3636 feeerit
790 3580 825 3635 de
837 3581 1048 3655 oppugnatione
1062 3589 1234 3646 castrorum,

247 3673 298 3720 aut
318 3665 428 3738 jndioio
449 3674 500 3722 ant
520 3665 668 3724 voluntate
687 3683 741 3722 sua
764 3664 877 3736 tom,
895 3667 945 3724 sod
966 3676 1069 3724 ooaatu
1090 3667 1234 3738 civitatis;

249 3766 358 3821 suaque
373 3770 436 3809 esse
452 3752 592 3826 ejusmodi
613 3753 743 3828 imperia,
759 3763 790 3808 ut
805 3771 860 3810 non
876 3755 972 3810 minus
987 3754 1105 3812 haberat
1115 3753 1193 3828 juris
1204 3753 1237 3812 iu
