2804 4312
177 327 331 382 Gummi]
559 327 655 374 LIBER
672 327 846 378 SECUNDUS.
1185 327 1226 386 53

177 466 297 536 Caesar,
314 464 390 522 utin
406 463 575 522 miseresce
595 466 741 542 supplices
762 485 832 525 usus
852 467 1049 528 misericordia
1062 471 1171 532 videre·

176 565 233 626 tur,
249 553 470 632 diligentissime
484 558 666 613 conservavit
678 575 687 628 3
710 558 829 632 suisque
842 557 949 616 finibus
963 567 1049 634 atque
1062 562 1172 639 oppidis

177 646 220 702 uti
231 645 329 720 jussit,
344 653 373 701 et
386 643 517 700 finitimis
530 645 691 721 imperavit,
707 656 739 704 ut
756 647 794 704 ab
813 647 920 722 injuria
940 659 968 707 et
982 649 1126 708 maleficio
1138 670 1171 710 se

177 753 303 812 suosque
318 735 512 813 prohiberent.
612 781 617 788 .

219 825 330 884 XXIX.
353 825 514 896 Aduatuci,
536 825 572 884 de
586 827 691 902 quibus
704 847 793 908 supra
812 831 991 908 scripsimus,
1005 849 1096 909 quum
1110 853 1168 891 cru·
1182 815 1201 896 5'

178 915 263 973 uibus
283 917 374 993 copiis
396 914 506 972 auxilio
520 915 640 974 Nerviis
660 919 801 990 venirent,
824 920 880 978 hac
903 939 1002 998 pugna
1021 923 1168 994 nunciata,

179 1024 215 1062 ex
237 1006 341 1063 itinere
361 1004 480 1062 domum
502 1016 700 1079 reverterunt3
722 1010 837 1066 cunctis
856 1010 966 1086 oppidis
986 1011 1169 1087 castellisqm

71 1135 83 1162 ,
179 1093 306 1165 desertis,
321 1113 375 1154 sua
388 1095 486 1152 omnia
498 1097 529 1151 in
550 1113 642 1154 uuum
656 1097 802 1173 oppidum,
817 1100 932 1174 egregie
947 1109 1052 1156 natura
1075 1102 1168 1158 muni·

179 1193 249 1254 tum,
269 1185 464 1242 contulerunt.
506 1184 594 1250 Quod
607 1204 700 1262 quum
713 1203 749 1242 ex
763 1187 896 1243 omnibus
915 1187 945 1242 in
965 1187 1091 1246 circuitu
1105 1205 1168 1264 par-

178 1274 254 1332 tibus
274 1273 429 1346 altissimas
449 1291 536 1350 rupes
557 1275 770 1351 despectusque
793 1275 923 1344 haberet,
947 1291 1007 1332 una
1028 1293 1066 1332 ex,
1089 1285 1168 1352 parte
1184 1285 1221 1340 10

178 1362 282 1420 leuiter
296 1363 416 1420 acclivis
430 1362 533 1433 aditus,
549 1363 579 1420 in
600 1362 782 1421 latitudinem
797 1381 854 1420 non
868 1362 994 1439 amplius
1007 1381 1040 1421 cc
1054 1364 1168 1440 pedum,

177 1451 411 1528 relinquebatur:
426 1470 514 1528 quem
522 1453 618 1510 locum
628 1452 738 1529 duplici
748 1451 886 1510 altissimo
896 1469 979 1509 muro
989 1453 1167 1526 munierant:

177 1550 239 1600 tum
254 1542 353 1619 magni
366 1542 500 1618 ponderis
513 1560 585 1600 saxa
599 1551 627 1600 et
642 1551 814 1619 praeacutus
834 1541 930 1599 trabes
943 1541 974 1598 in
988 1559 1070 1600 muro
1083 1541 1168 1600 collo·

178 1643 288 1690 carent.
330 1631 389 1708 ipsi
410 1643 493 1690 erant
513 1651 550 1690 cx
572 1632 698 1691 Cimbris
713 1631 911 1706 Teutonisque
935 1631 1085 1709 prognati;
1108 1633 1167 1708 qui,

177 1741 268 1798 quum
283 1722 338 1780 iter
356 1723 386 1779 in
401 1720 584 1780 Provinciam
598 1731 724 1780 nostram
745 1731 832 1797 atque
853 1720 966 1780 ltaliam
980 1720 1117 1792 iacerent,
1132 1721 1168 1780 iis
1183 1731 1219 1786 15

177 1812 397 1888 impedimentis,
422 1829 499 1887 quae
522 1830 622 1869 seeum
647 1829 735 1888 agere
760 1830 795 1869 ac
819 1821 931 1888 portare
951 1829 1009 1869 non
1029 1820 1167 1888 poterant,

177 1903 250 1959 citra
264 1902 373 1960 flumen
388 1899 525 1958 Rhenum
539 1900 682 1978 depositis,
693 1901 840 1960 custodiae
853 1919 890 1958 ex
904 1901 966 1959 suis
976 1919 1012 1958 ac
1026 1899 1169 1977 praesidio

177 2009 228 2048 sex
251 1991 345 2048 millia
367 1990 516 2048 hominum
538 2009 596 2048 uua
617 1990 806 2066 reliquerunt.
848 1989 898 2060 Hi,
914 1998 976 2066 post
996 2007 1097 2046 eorum
1110 1989 1168 2046 obi·

177 2088 248 2150 tum,
263 2081 368 2138 multos
391 2098 481 2137 annos
502 2099 520 2137 a
539 2079 669 2150 finitimis
691 2077 839 2157 exagitati,
853 2096 944 2156 quum
967 2078 1040 2138 alias
1058 2078 1168 2136 bellum

177 2167 326 2239 inferrent,
341 2169 415 2226 alias
428 2168 543 2227 illatum
553 2167 748 2238 defenderent,
763 2187 905 2226 consensu
925 2185 1026 2226 eorum
1039 2167 1168 2224 omnium
1179 2173 1221 2230 20

178 2277 250 2336 pace
263 2257 350 2328 iacta,
365 2259 444 2316 hunc
458 2258 513 2315 sibi
526 2257 672 2315 domicilio
680 2257 782 2315 'locum
795 2256 976 2334 delegerunt.

219 2347 314 2406 XXX.
337 2349 395 2416 Ac,
410 2349 502 2424 primo
517 2347 643 2405 adventu
662 2348 808 2405 exercitus
828 2347 918 2406 nostri
932 2345 1050 2406 crebras
1070 2363 1107 2404 ex
1120 2365 1168 2423 op-

178 2437 244 2515 pido
257 2437 442 2496 excursiones
464 2436 617 2507 iaciebant,
633 2437 820 2514 parvulisque
840 2435 956 2510 proeliis
978 2453 1046 2492 cum
1066 2435 1170 2492 nostris

178 2525 404 2584 contendebant:
420 2535 527 2602 postea
537 2525 614 2583 vallo
622 2525 728 2602 pedum
737 2543 790 2594 111,
800 2524 830 2580 in
844 2523 970 2580 circuitu
980 2539 1021 2578 xv
1035 2520 1169 2590 nullium,

177 2616 346 2692 crebrisque
368 2615 496 2673 castellis
517 2615 744 2684 circummuniti,
765 2611 868 2689 oppido
889 2628 952 2668 sese
974 2608 1167 2668 continebant.
1180 2623 1221 2678 25

177 2706 246 2776 Ubi,
261 2705 353 2764 vineis
375 2707 457 2777 actis,
479 2723 586 2784 aggere
608 2713 764 2774 exstructo,
787 2702 891 2760 turrim
911 2699 1013 2780 procul
1034 2699 1170 2758 constitui

178 2795 322 2872 viderunt,
332 2797 457 2873 primum
470 2795 591 2853 irridere
602 2811 639 2852 ex
653 2811 746 2863 muro,
757 2801 842 2867 etque
856 2790 1029 2868 increpitare
1040 2788 1168 2861 vocibus,

178 2905 236 2962 quo
245 2895 325 2944 tanta
333 2885 508 2944 machinatio
516 2885 553 2942 ab
566 2894 645 2942 tanto
658 2883 749 2961 spatio
757 2881 975 2942 insutuereturt
996 2880 1169 2957 quibusnam

178 2976 322 3045 manibus,
346 2985 396 3034 aut
417 2975 525 3050 quibus
548 2973 669 3043 viribus,
692 2973 860 3050 praesertim
887 2972 1017 3031 homines
1039 2971 1169 3030 tantulae

178 3075 306 3124 staturae
318 3065 399 3144 (nam
413 3065 584 3142 plerumque
597 3063 760 3122 bominibus
774 3061 877 3133 Gallis,
888 3079 956 3140 prae
972 3061 1168 3140 magnitudine
1182 3067 1220 3123 30

178 3174 331 3233 corporum
346 3173 475 3224 suorum,
485 3155 611 3214 brevitas
624 3162 722 3211 nostra
735 3153 911 3231 contemptui
920 3152 975 3230 est)
988 3153 1061 3212 tanti
1074 3153 1170 3212 oneris

179 3247 283 3304 turrim
296 3246 327 3301 in
341 3263 441 3302 muros
454 3263 517 3301 sese
532 3243 677 3301 collocare
691 3241 866 3302 confiderent
878 3242 891 3300 i

220 3333 331 3394 XXXI.
353 3333 412 3392 Ubi
426 3350 496 3391 vero
508 3332 618 3390 moveri
633 3339 662 3388 et
682 3333 911 3409 appropinquare
929 3333 1079 3407 moenibus
1092 3330 1169 3390 ride-

180 3431 256 3493 runt,
271 3441 347 3481 nova
361 3432 447 3498 atquc
462 3422 598 3482 inusitata
611 3421 707 3498 specie
727 3421 870 3491 commoti,
885 3421 995 3498 legatos
1015 3420 1052 3478 ad
1065 3419 1169 3476 Gaesa-

180 3529 243 3570 rem
256 3511 291 3569 de
305 3529 377 3588 pace
391 3511 541 3580 miserunt,
556 3510 616 3586 qui,
632 3508 669 3567 ad
691 3510 770 3568 hunc
790 3509 907 3568 modum
927 3507 1035 3564 locuti:
1056 3503 1125 3562 Non
1138 3521 1170 3561 se
1183 3507 1222 3563 ³⁵

179 3601 355 3671 existimare,
366 3599 511 3658 Romanos
521 3600 584 3657 sine
597 3617 652 3675 ope
665 3597 763 3656 divina
771 3598 881 3656 bellum
894 3610 1006 3672 gerere,
1015 3591 1066 3664 qui
1073 3599 1171 3649 tenue

180 3689 340 3751 altitudinis
363 3690 590 3748 machinationes
609 3697 691 3747 tanta
712 3687 860 3745 celeritate
882 3695 1050 3758 promovere
1071 3676 1115 3752 [et
1133 3696 1171 3736 ex

180 3779 391 3855 propinquitate
405 3777 550 3856 pugnare]
565 3786 696 3854 possent:
718 3794 750 3832 se
770 3789 881 3845 suaque
894 3766 991 3830 omnia
1010 3779 1110 3824 eorum
1123 3785 1171 3845 po.

180 3868 276 3926 testati
287 3869 460 3944 permittere,
474 3867 620 3926 dixerunt.
660 3862 763 4008 gnum
782 3867 890 3940 petere,
904 3873 941 3916 ao
960 3853 1126 3934 deprecari:
1146 3856 1173 3918 si
