2844 4340
436 689 477 764 C.
508 689 646 764 IULII
677 689 919 768 CAESARIS

283 853 1059 1042 tuburbinatorum

380 1183 450 1248 DE
489 1183 673 1250 BELLO
708 1183 964 1250 GALLICO

556 1387 698 1448 LIBER
721 1389 785 1448 VI.

521 1771 821 1816 ARGUMENTUM.

204 1886 262 1936 Osa.
274 1887 294 1936 1.
311 1886 403 1936 Ceasar
408 1883 525 1948 majorem
532 1886 627 1936 Gauius
635 1891 728 1936 mum
737 1887 886 1950 praevidens,
894 1889 975 1951 copies
986 1887 1096 1953 αᾶιιιεοι
1129 1888 1165 1940 IL

171 1962 302 2025 Subitoque
313 1963 419 2012 subactis
430 1960 455 2008 N
456 1962 533 2018 atriis,
551 1959 594 2010 IV.
610 1968 636 2010 et
647 1962 780 2012 Senonibus
788 1963 974 2013 actionnibus
985 1965 1010 2012 in
1021 1965 1165 2014 deditionem

95 2054 105 2090 ¹,
171 2040 284 2100 acceptis,
301 2037 345 2086 VI.
364 2035 489 2098 Menapios
500 2037 618 2085 debellat:
635 2036 707 2086 VIII.
725 2045 796 2100 atque
807 2039 899 2089 interca
914 2037 1025 2088 Treviros
1036 2039 1067 2088 Τ.
1079 2039 1165 2089 Labis-

172 2127 225 2160 uus.
258 2109 302 2161 IX.
319 2112 411 2160 Caesar
427 2111 561 2160 secundum
580 2111 694 2160 Rhenum
713 2115 805 2161 transit.
839 2111 884 2162 XI.
902 2115 1018 2164 Instituta
1033 2131 1076 2180 per
1092 2131 1164 2164 occa·
1252 2109 1258 2127 ¹

170 2191 261 2238 monem
274 2189 452 2238 Germanorum
467 2205 524 2237 oum
536 2189 612 2238 Gallis
629 2191 764 2248 collatione,
781 2192 857 2254 primo
868 2192 979 2255 descripti
990 2193 1074 2242 horum
1087 2209 1165 2241 mores

171 2267 406 2329 consuetudinesque.
439 2265 531 2315 XXIX.
548 2265 639 2316 Caesar
657 2267 688 2315 ad
705 2267 838 2325 Eburones,
849 2269 937 2316 frustra
954 2269 1053 2318 tentetis
1070 2269 1164 2328 Suavis,

171 2347 323 2395 convertitur.
356 2345 456 2394 XXXV.
473 2345 509 2394 At
527 2347 586 2394 dum
606 2361 649 2408 per
665 2361 748 2394 eorum
766 2361 836 2410 agros
852 2349 901 2394 late
912 2347 1164 2410 vagetuaSigsnrbri,

171 2437 220 2472 non
229 2425 281 2472 n'ue
292 2423 367 2471 coede
379 2421 553 2480 hmanomm,
565 2431 645 2474 caetra
657 2423 816 2472 adoriunturr
827 2422 894 2472 XLI.
913 2422 947 2470 lis
961 2429 1046 2473 tamen
1055 2439 1105 2472 non
1121 2439 1164 2472 ex·

171 2501 290 2566 pugnatis,
313 2501 412 2550 domam
435 2507 593 2559 coronamur,
617 2500 707 2550 XLIV.
723 2508 748 2550 et
770 2501 871 2557 Caesar,
894 2501 994 2549 amab
1022 2497 1165 2551 Eburonum

171 2581 242 2644 agris,
253 2580 400 2641 concilioque
412 2585 520 2642 peracto,
532 2580 556 2630 in
568 2579 675 2635 Italiam,
687 2579 718 2628 ad
730 2578 836 2642 agendae
847 2583 989 2634 conventus,
1001 2576 1164 2640 proficiscitur.

210 2717 234 2778 1.
258 2719 373 2779 Mucrrs
387 2719 422 2778 de
444 2721 541 2778 causis
562 2719 680 2790 Caesar,
696 2719 835 2796 majorem
857 2715 972 2778 Galliae
987 2727 1095 2776 motum
1115 2737 1163 2778 ex.

172 2821 313 2888 spectans,
336 2829 387 2886 per
408 2806 450 2866 M.
466 2809 608 2880 Silanum,
629 2809 664 2868 C.
681 2809 841 2866 Antistium
862 2807 1018 2887 Reginum,
1033 2805 1072 2866 T.
1093 2808 1163 2868 Sex-

171 2901 254 2970 tium,
272 2899 401 2982 legatos,
431 2899 570 2956 dilectum
603 2899 710 2956 hebere
744 2899 888 2956 Instituit:
923 2897 1011 2956 simul
1045 2899 1082 2958 ab
1108 2899 1163 2958 Cn.

172 2989 307 3067 Pompeio
335 2989 506 3066 proconsule
537 2989 615 3066 petit,
644 2989 781 3064 quoniam
809 2989 869 3066 ipse
894 2988 930 3046 ed
961 2990 1062 3048 urbem
1095 3009 1164 3050 cum

172 3079 291 3155 imperio
305 3077 495 3156 Reipublicae
509 3095 600 3136 causa
616 3087 753 3147 maneret,
768 3097 839 3154 quos
853 3099 889 3137 ex
902 3079 1051 3158 Cisalpine
1066 3079 1196 3140 Galliac

172 3167 300 3226 consulis
319 3177 500 3226 sacramento
517 3167 685 3245 rogavisset,
701 3166 834 3246 adsigna
856 3169 1010 3228 convenire
1031 3181 1060 3229 et
1073 3171 1110 3229 ad
1131 3191 1163 3230 se

173 3257 316 3333 proficisci
327 3257 462 3334 juberet:
484 3257 583 3334 magni
598 3257 736 3315 interesse
750 3259 837 3316 etiam
851 3260 881 3316 in
892 3259 1036 3334 reliquum
1051 3271 1164 3338 ternpus
1256 3253 1260 3260 ’

173 3345 208 3402 ed
222 3347 385 3424 opinionem
400 3345 516 3405 Galliae
535 3338 712 3417 existimans,
727 3355 822 3406 tantas
835 3349 927 3407 videri
948 3349 1050 3407 ltaliae
1072 3347 1163 3406 sacul-
1230 3371 1232 3376 ·

172 3443 254 3504 tates,
279 3445 320 3505 ut,
346 3437 371 3493 si
395 3435 464 3512 quid
487 3445 563 3494 esset
584 3437 614 3494 iu
637 3435 713 3494 bello
735 3434 898 3495 detrimenti
921 3447 1081 3514 acceptum,
1107 3453 1164 3492 non

173 3523 255 3581 modo
269 3523 298 3582 id
312 3525 394 3582 brevi
415 3534 542 3602 tempore
556 3525 668 3595 sercin,
683 3524 733 3583 scd
752 3527 839 3584 etiam
854 3525 1009 3600 majoribus
1024 3522 1164 3599 adaugeri
1178 3525 1216 3583 10

173 3613 261 3689 copiis
275 3623 379 3690 posset.
422 3613 507 3680 Quod
522 3619 612 3690 quu'm
631 3614 784 3691 Pompeius
805 3625 833 3672 et
847 3611 1037 3688 Reipublicae
1051 3620 1080 3668 et
1094 3612 1163 3668 emi.

173 3701 258 3759 citiae
282 3703 438 3772 tribuisset,
462 3702 596 3760 celeriter
618 3702 749 3760 coniecto
771 3719 822 3778 per
844 3719 911 3758 suos
933 3699 1051 3768 dilectu,
1073 3698 1165 3759 tribus

174 3798 239 3846 ante
260 3801 393 3849 exactam
415 3791 540 3850 hiemem
562 3801 590 3848 et
611 3789 771 3849 constitutis
792 3797 820 3847 et
841 3787 973 3845 adductis
994 3787 1164 3866 legionibus,

174 3875 377 3957 duplicatoque
390 3897 494 3940 aarum
507 3879 668 3940 cohortium
682 3894 811 3949 numero,
822 3893 897 3955 quos
910 3895 979 3936 oum
991 3877 1032 3944 Q.
1048 3875 1165 3942 'lituris
