2844 4340
219 321 276 366 Cer.
285 319 371 373 4⁹4ss
619 317 714 366 LIBER
731 319 863 367 SEXTUS.
955 359 959 368 .
1201 315 1261 376 129

258 455 352 514 XLII.
376 453 525 514 Reversus
545 454 603 524 ille,
627 465 748 512 eventus
769 457 837 512 belli
860 475 917 516 non
939 459 1084 535 ignorans,
1108 479 1208 531 unum,

217 546 293 620 quod
307 546 437 604 cohortes
450 563 488 601 ex
501 544 620 602 statione
634 553 662 600 et
677 545 818 620 praesidio
826 557 923 621 essent
937 549 1069 626 emissae,
1080 560 1208 625 questus,

217 653 254 692 ne
277 636 395 691 minimo
417 632 534 710 quidem
556 649 627 690 casu
651 633 748 695 locum
772 634 896 710 relinqui
917 633 1059 707 debuisse,
1085 639 1209 698 multum

219 722 362 782 fortunam
386 723 416 779 in
441 722 589 797 repentino
612 721 736 778 hostium
757 722 882 780 adventu
903 727 1026 800 potuisse
1044 727 1207 802 judicavit3

219 813 308 870 multo
322 813 409 869 etiam
424 809 557 886 amplius,
572 809 648 884 quod
668 829 759 885 paene
773 811 884 888 abipso
898 812 974 871 vallo
988 814 1132 892 portisque
1147 821 1241 874 cas-b

219 911 327 958 trorum
341 899 478 956 barbaros
492 897 672 956 avertissent.
714 897 850 964 Quarum
862 903 991 962 omnium
1006 919 1103 962 rerum
1119 905 1208 960 maxi-

220 1007 266 1046 me
291 987 491 1045 admirandum
512 985 670 1056 videbatur,
693 987 768 1061 quod
789 988 939 1059 Germani,
962 992 1013 1065 qui
1034 1011 1068 1049 co
1090 993 1210 1052 consilio

221 1076 354 1144 Rhenum
379 1076 561 1143 transierant,
578 1084 609 1132 ut
623 1075 801 1151 Ambiorigis
823 1077 895 1134 fines
907 1077 1158 1155 depopularentur,
1173 1079 1210 1138 ad

220 1176 315 1223 castra
330 1165 527 1222 Romanorum
535 1163 631 1234 delati,
641 1165 849 1240 optatissimum
859 1165 1021 1241 Ambiorigi
1036 1167 1210 1224 beneficium

221 1254 390 1312 obtulerant.
1225 1263 1261 1318 ιο

260 1341 367 1400 XLIII.
390 1342 507 1411 Caesar,
520 1359 621 1402 rursus
635 1340 670 1398 ad
680 1340 826 1398 vexandos
836 1342 931 1399 hostes
941 1340 1094 1416 proiectus,
1106 1360 1211 1418 magno

221 1442 319 1490 coacto
341 1449 461 1489 numero
483 1449 519 1488 ex
543 1431 672 1488 finitimis
695 1429 869 1498 civitatibus,
884 1431 914 1486 in
935 1446 1033 1488 omnes
1054 1441 1150 1506 partes
1171 1430 1211 1488 di·

221 1509 314 1578 mittit.
357 1519 467 1577 Onmes
491 1519 550 1576 vici
578 1528 664 1593 atque
692 1518 789 1575 omnia
817 1517 958 1587 aedificia,
986 1536 1061 1594 quae
1089 1513 1210 1596 quisque

221 1618 417 1685 conspexerat,
432 1607 676 1666 incendebantur:
699 1605 806 1683 praeda
820 1625 858 1666 ex
871 1608 1004 1666 omnibus
1021 1608 1093 1666 locis
1108 1611 1210 1686 ageba.

222 1709 283 1756 tur:
306 1697 450 1755 frumenta
473 1715 530 1754 non
554 1696 647 1754 solum
670 1705 789 1754 etanta
809 1697 993 1756 multitudine
1014 1698 1211 1774 jumentorum
1226 1709 1263 1764 15

222 1797 305 1862 atque
317 1788 466 1844 hominum
475 1786 729 1855 consumebantur,
739 1784 789 1844 sed
803 1787 889 1852 etiam
904 1788 972 1844 anni
986 1796 1114 1864 tempore
1125 1798 1211 1866 atque

221 1876 359 1935 imbribus
381 1875 614 1952 procubuerant,
638 1883 678 1944 ut,
702 1875 803 1950 siqui
828 1877 915 1934 etiam
938 1878 969 1935 in
994 1878 1157 1954 praesentia
1180 1896 1211 1938 se

220 1969 421 2037 occultassent,
447 1977 543 2024 tamen
570 1967 615 2036 iis,
640 1965 764 2024 deducto
790 1968 930 2037 exercitu,
956 1987 1055 2026 rerum
1082 1969 1212 2028 omnium

221 2061 314 2136 inopia
325 2058 504 2136 pereundum
513 2057 669 2116 videretur.
712 2058 760 2114 Ac
769 2075 854 2133 saepe
866 2058 896 2116 in
906 2077 974 2116 eum
985 2058 1082 2116 locum
1093 2067 1213 2116 ventum

221 2159 271 2219 est,
285 2158 363 2206 tanto
383 2149 414 2206 iu
427 2165 527 2204 omnes
548 2156 643 2224 partes
664 2145 755 2204 diviso
769 2148 907 2222 equitatu,
924 2157 955 2204 ut
969 2147 1051 2206 modo
1066 2140 1161 2204 visum
1176 2147 1212 2204 ab
1225 2155 1263 2210 2⁰

221 2259 251 2296 se
267 2238 464 2315 Ambiorigem
485 2237 515 2293 in
537 2235 607 2314 suga
628 2236 744 2312 captivi,
766 2253 821 2296 nec
844 2236 929 2312 plane
951 2237 1037 2294 etiam
1061 2237 1154 2294 abisse
1175 2255 1212 2296 ex

220 2339 375 2406 conspectu
403 2325 616 2396 contenderent,
642 2335 696 2397 ut,=
711 2345 761 2402 spe
789 2324 983 2399 consequendi
1010 2325 1100 2394 illata,
1126 2336 1212 2401 atque

220 2420 330 2478 infinito
351 2418 449 2476 labore
471 2427 613 2494 suscepto,
626 2418 679 2493 qui
698 2436 730 2473 se
749 2433 894 2472 summam
909 2433 927 2472 a
940 2413 1066 2470 Caesare
1087 2416 1212 2489 gratiam

220 2509 339 2567 inituros
352 2517 494 2585 putarent,
509 2525 600 2584 paene
616 2516 750 2563 naturam
764 2503 857 2560 studio
870 2503 1028 2570 vincerent,
1043 2519 1213 2576 semperque

220 2599 340 2674 paulum
354 2597 389 2654 ad
402 2612 546 2654 summam
561 2595 728 2654 felicitatem
745 2589 871 2649 defuisse
886 2590 1040 2658 videretur,
1057 2599 1143 2666 atque
1163 2588 1213 2646 ille
1227 2595 1266 2650 25

219 2687 345 2758 latebris,
361 2696 412 2744 aut
424 2686 545 2744 saltibus
558 2705 589 2742 se
604 2685 737 2760 erIperet,
753 2690 781 2739 et
794 2691 883 2738 noctu
896 2678 1060 2737 occultatus
1074 2677 1148 2736 alias
1169 2697 1212 2736 re-

219 2779 318 2854 giones
331 2787 484 2854 partesque
499 2786 616 2854 peteret,
626 2794 682 2834 non
697 2773 807 2849 majore
817 2771 946 2848 equitum
963 2768 1113 2848 praesidio,
1126 2787 1214 2846 quem

220 2878 352 2948 quatuor,
367 2867 472 2942 quibus
484 2867 555 2924 solis
565 2867 654 2924 vitam
668 2883 751 2922 suam
765 2861 943 2920 committere
958 2859 1092 2920 audebat.

262 2957 370 3016 XLIV.
394 2957 462 3016 Tali
485 2957 568 3014 modo
589 2957 706 3016 vastetis
727 2953 901 3032 regionibus,
920 2951 1084 3010 exereitum
1104 2951 1214 3011 Caesar

221 3047 344 3104 duanrm
355 3046 519 3104 cohortium
533 3045 637 3103 damno
658 3041 887 3102 Durocortorum
911 3040 1069 3100 Remorum
1091 3043 1212 3112 reducit,
1227 3047 1266 3102 30

221 3137 399 3212 concilioque
422 3137 452 3193 in
474 3153 542 3192 eum
565 3134 662 3192 locum
685 3133 801 3190 Galliae
822 3131 937 3202 indlcto,
959 3131 994 3190 de
1016 3133 1213 3209 conjuratione

221 3225 368 3282 Senonum
383 3235 411 3283 et
431 3225 593 3282 Carnutum
614 3223 813 3298 quaestionem
834 3221 943 3280 babere
965 3223 1115 3296 Instituit,
1130 3232 1158 3280 et
1179 3221 1214 3278 de

223 3317 351 3384 Accone,
368 3316 419 3390 qui
438 3315 573 3391 princeps
594 3313 659 3387 ejus
680 3312 793 3370 consilii
809 3309 911 3380 suerat,
926 3313 1059 3387 graviore
1073 3310 1215 3367 sententia

221 3405 419 3481 pronunciata,
434 3421 514 3461 mere
527 3401 670 3477 majorum
683 3401 858 3477 supplicium
886 3401 1016 3475 sumpsit.
1060 3395 1213 3462 Nonnulli,

224 3493 368 3568 judicium
382 3493 476 3562 veritI,
492 3489 700 3568 profugeruntz
721 3491 827 3566 quibus
841 3505 932 3564 quum
950 3505 1026 3562 aqua
1046 3496 1132 3558 atque
1154 3481 1214 3556 igni
1228 3485 1267 3540 35

221 3582 422 3653 interdixisset,
432 3601 456 3640 11
466 3581 594 3658 legiones
608 3581 643 3638 ad
658 3580 730 3638 fines
741 3578 942 3642 Trevirorum,
954 3591 976 3630 11
986 3576 1015 3630 ln
1025 3569 1214 3645 Lingonibus,

223 3689 254 3730 vr
276 3671 405 3746 reliquas
418 3673 448 3728 in
462 3672 610 3728 Senonum
632 3669 739 3726 finibus
761 3663 907 3744 Agendici
930 3662 960 3715 in
983 3658 1110 3716 hibernis
1129 3655 1214 3714 collo

222 3761 319 3832 eavit3
336 3760 536 3836 frumentoque
550 3758 680 3816 exercitu
695 3755 817 3830 proviso,
830 3760 861 3807 ut
875 3747 1087 3816 institueretis
1102 3743 1215 3802 Italiam

223 3849 260 3908 ad
274 3859 434 3908 convenurs
446 3847 573 3928 agendos
587 3843 733 3921 proiectus
746 3849 808 3897 aar:
827 3869 829 3874 ·
