2826 4336
174 285 236 348 tta
526 291 570 341 nn
589 289 695 338 naam
712 287 856 336 oration
1058 285 1125 340 ren.
1135 289 1215 339 aar.

221 443 303 492 orum
316 431 443 509 cognita,
456 431 508 506 qni
523 439 591 488 acta
605 436 688 486 erant
707 443 759 504 per
779 445 811 484 se
833 424 975 492 nfideles,
991 439 1096 482 manns
1109 440 1217 502 cogere

222 533 307 598 atque
333 531 430 597 aperte
456 519 565 578 bellum
593 535 696 595 parare
724 525 892 592 coeperunt.
948 513 1029 572 Tum
1056 512 1218 582 Labienus,

221 621 300 670 tanta
327 627 426 668 rerunt
456 609 691 675 commutatione,
719 607 805 682 longa
838 603 919 662 aliud
953 603 1008 660 sibi
1042 603 1218 679 capiendum

220 701 385 770 consilium,
400 711 487 776 atque
512 709 600 757 antea
620 707 758 764 senserat,
774 695 970 771 intelligebat:
992 709 1086 768 neque
1109 694 1219 768 janaut

189 799 209 856 d
222 789 330 866 aliquid
345 792 517 866 acquireret,
530 787 696 865 proelioque
707 787 802 844 hostes
811 784 976 855 lacesseret,
1000 783 1051 840 sed
1062 793 1093 839 ut
1107 783 1218 840 incolu-

221 898 299 938 mem
318 881 481 942 exercitum
499 877 684 955 Agendicum
706 875 867 943 reduceret,
883 873 1038 950 cogitabat.
1080 873 1220 949 Namque

222 969 313 1028 altera
335 987 371 1028 ex
395 980 475 1046 parte
498 966 656 1036 Bellovaci,
671 983 748 1040 quae
771 965 876 1021 civitas
894 964 924 1020 in
939 961 1045 1020 Gallia
1059 963 1219 1020 maximam

220 1059 306 1120 babet
327 1061 491 1137 opinionem
511 1058 635 1126 virtuts,
659 1055 803 1114 instabant
815 1072 825 1124 3
855 1053 977 1110 alteram
1000 1051 1220 1130 Camulogenus

221 1157 322 1224 parato
345 1159 432 1225 atqua
458 1150 597 1206 instructo
624 1145 756 1204 exercitu
783 1143 917 1202 tenebat:
949 1151 1011 1200 turn
1039 1141 1177 1219 legiones,
1201 1162 1221 1200 a

172 1245 210 1302 tn
222 1238 367 1315 praesidio
388 1249 475 1315 atque
495 1236 710 1314 impedimentis
729 1233 914 1300 interclusas,
927 1232 1087 1290 maximum
1109 1232 1219 1288 flumen

222 1328 386 1386 distinebat.
435 1327 542 1386 Tantis
560 1327 655 1384 subito
678 1322 899 1382 difficultatibus
920 1321 1049 1397 objectis,
1071 1321 1107 1381 ab
1129 1322 1219 1380 animi

222 1419 328 1476 virtute
343 1419 486 1478 auxilium
501 1415 658 1494 petendum
672 1413 795 1474 videbat.

262 1507 330 1564 Lx.
352 1507 453 1582 ltaque
475 1506 531 1564 sub
551 1521 705 1580 vesperum
727 1502 849 1560 cmsilio
863 1510 1033 1570 convocato,
1045 1499 1221 1569 cohortatus,

223 1604 255 1650 ui
279 1614 325 1663 ea,
341 1615 416 1670 quae
439 1596 617 1670 imperasset,
640 1593 795 1668 diligenter
818 1590 1017 1666 industrieque
1040 1589 1221 1648 administra·

173 1689 211 1746 15
224 1693 298 1752 rent,
311 1701 410 1753 naves,
424 1701 500 1759 quas
520 1681 716 1739 a·Meloduno
738 1680 907 1748 deduxerat,
930 1679 1061 1756 singulas
1074 1680 1222 1755 equitibus

224 1772 365 1830 Romania
386 1772 524 1838 attribuit,
547 1781 576 1827 et
597 1771 693 1846 prima
716 1767 849 1826 confecta
869 1769 980 1845 vigilia,
995 1787 1027 1827 rv
1042 1769 1133 1828 millia
1157 1789 1221 1848 pas.

223 1852 309 1918 vsuum
323 1860 452 1918 monada
466 1859 585 1918 flumine
599 1857 733 1934 progredi
754 1859 885 1928 silentio,
893 1859 990 1936 ibique
1005 1878 1036 1918 se
1050 1869 1222 1936 exspectare

220 1950 314 2026 iubet.
355 1949 494 2024 Quinque
506 1949 645 2017 cohortes,
657 1965 731 2024 quas
742 1948 860 2006 minime
870 1949 969 2009 firmas
977 1948 1014 2006 ad
1023 1947 1222 2008 dimicandum
1248 2024 1252 2032 ,

223 2058 286 2098 esse
300 2039 490 2108 existimabat,
506 2039 609 2096 castris
624 2037 767 2114 praesidio
781 2037 938 2114 relinquit:
954 2057 974 2096 v
988 2038 1119 2114 ejusdem
1132 2039 1221 2116 legio-

172 2129 271 2192 annis
296 2128 424 2203 reliquas
451 2127 486 2186 dc
514 2128 610 2186 media
637 2137 722 2186 nocte
749 2145 820 2185 curn
847 2129 982 2186 omnibus
1008 2127 1222 2205 impedimentis

224 2218 345 2302 adverso
356 2219 475 2276 flumine
486 2236 592 2295 magno
601 2218 728 2277 tumultu
740 2217 884 2294 proticisci
894 2218 1029 2293 imperat.
1069 2217 1223 2294 Conquirit

223 2310 312 2368 etiam
336 2309 446 2369 lintres.
489 2307 561 2378 Has,
587 2326 694 2384 magno
722 2308 818 2366 sonitu
846 2325 996 2364 remorum
1022 2307 1166 2375 incitatas,
1190 2309 1222 2364 in

224 2398 347 2458 eandem
371 2410 482 2476 partem
507 2399 602 2456 mittit.
646 2397 712 2473 lpse
736 2405 798 2473 post
826 2397 923 2474 paulo,
946 2397 1062 2454 silentio
1086 2415 1224 2474 egressus

224 2507 294 2550 auru
317 2490 410 2548 tribua
431 2489 594 2566 legionibus
618 2505 687 2545 eunt
710 2487 807 2546 locum
829 2486 907 2562 petit,
922 2505 980 2560 quo
1001 2503 1092 2547 naves
1115 2487 1222 2563 appelli

172 2580 359 2658 ffljusserat.

264 2669 345 2728 th.
368 2670 414 2730 Eo
440 2687 532 2748 quum
560 2677 636 2727 esset
660 2677 790 2736 ventum,
811 2666 1008 2742 exploratores
1035 2665 1168 2736 bcaiuna
1190 2678 1223 2724 ut

223 2760 302 2818 canni
316 2761 445 2818 fluminis
459 2770 540 2836 parte
562 2767 646 2817 erant
667 2757 805 2834 dispositi,
819 2757 1009 2833 inopinantes,
1024 2755 1100 2832 quod
1115 2775 1223 2834 magna

224 2849 319 2906 subito
332 2861 395 2906 erat
409 2860 507 2907 coorta
520 2859 684 2926 tempestas,
700 2848 739 2904 ab
751 2847 855 2905 nostris
866 2847 1089 2922 opprimuntur:
1107 2849 1221 2904 exerci-

224 2947 274 2996 tus
294 2938 506 3012 equitatusque,
520 2939 670 3013 equitibus
689 2937 830 2995 Romanis
850 2937 1126 3006 administrantibus,
1149 2957 1224 3012 quoe

173 3031 212 3088 w
225 3026 253 3084 ei
267 3026 380 3099 negotio
391 3025 581 3100 praefecerat,
592 3029 728 3086 celeriter
740 3027 955 3085 transmittitur.
996 3025 1062 3085 Uno
1076 3025 1137 3084 fere
1151 3037 1223 3086 totn-

225 3131 294 3192 pore
315 3115 371 3170 snb
394 3113 490 3172 lucam
514 3115 642 3198 hpatibus
664 3119 829 3185 nunciatur,
846 3118 876 3178 in
898 3117 1002 3181 castris
1024 3115 1224 3177 Rotnanomrn

225 3211 342 3282 praeter
362 3203 600 3262 ccustntudinem
626 3207 807 3286 tumultuari,
830 3215 859 3264 et
886 3223 1025 3284 magnum
1049 3207 1093 3262 ire
1117 3223 1223 3282 agmen

226 3293 347 3352 adverso
360 3292 491 3361 flumine,
504 3293 690 3368 sortitumque
703 3313 847 3355 remorum
862 3296 894 3351 in
907 3294 1009 3352 eadem
1031 3303 1112 3370 perta
1133 3310 1223 3352 exau-

225 3382 290 3453 diri,
313 3393 342 3440 et
368 3381 454 3459 poulo
476 3380 553 3438 inira
576 3382 683 3440 milites
709 3385 833 3442 navibus
858 3384 1056 3460 transportari.
1105 3383 1226 3449 Quibus

174 3481 214 3538 35
226 3472 441 3541 rebus'auditis,
453 3471 529 3548 qnod
543 3471 754 3542 existimabant,
766 3473 858 3532 tribus
870 3474 941 3532 locis
950 3474 1074 3531 transire
1083 3473 1224 3550 legiones,
1248 3515 1250 3522 Α

226 3573 312 3640 atqua
326 3562 627 3640 omueaperturbatos
635 3560 795 3620 delectione
805 3563 985 3633 Aeduorum,
997 3562 1096 3640 lugam
1109 3581 1225 3640 parare,

226 3673 295 3712 suas
318 3673 433 3732 quoque
458 3654 558 3731 copias
578 3654 607 3710 in
633 3662 693 3710 tres
714 3663 810 3728 partes
830 3653 1048 3711 distribuerunt.
1091 3653 1180 3724 Nam,
1195 3661 1226 3713 et'

226 3743 367 3815 praesidio
380 3763 397 3800 a
412 3745 528 3820 regione
542 3753 703 3802 castrorum
719 3741 829 3810 relicto,
840 3751 868 3799 et
879 3759 970 3818 parva
985 3761 1074 3800 manu
1090 3741 1224 3802 Menona

226 3825 297 3884 dunt
320 3845 425 3888 versus
450 3832 549 3900 missa,
576 3849 652 3908 qnae
683 3839 795 3888 tautum
826 3829 1059 3906 progrederetur,
1080 3841 1225 3907 quantum
