2830 4326
170 279 289 334 omns
359 251 364 260 ’
584 277 680 326 arose
698 277 826 326 rnruus.
1182 273 1223 330 ιο

165 420 338 478 exercitum
361 411 496 477 traducit.
537 415 677 487 Helvetii,
695 417 842 494 mpaatiuo
862 417 926 493 ejus
946 417 1072 476 advsmu
1092 435 1168 476 coru-

167 511 247 581 moti,
264 527 361 585 quum
384 508 422 578 id,
437 507 512 585 quod
535 508 590 583 ipsi
611 507 711 566 diebus
732 509 833 587 viginti
856 511 1016 586 aegerrime
1037 509 1168 570 conseca-

167 613 244 672 rant,
260 611 295 659 ut
309 602 420 658 flumen
434 600 598 668 transirent,
613 615 670 656 uuo
683 599 767 658 illurn
781 599 827 658 die
842 598 944 658 moiseo
964 599 1167 677 intelligerent,

167 692 284 769 legatos
308 691 345 748 ad
370 707 439 747 eum
462 690 595 750 mittunt:
627 689 713 765 eujus
735 689 886 766 legationis
908 689 1014 749 Divico
1035 691 1168 768 princeps

169 780 234 853 init,
252 782 304 856 qui
318 779 396 838 bello
408 779 547 837 Cassiano
561 779 620 838 dux
634 778 834 838 Helvetiorum
855 779 960 838 suerat.
1002 780 1031 838 ls
1044 781 1085 838 ite
1098 785 1199 842 cumo

168 871 301 930 Caesare
324 872 403 948 egit:
432 869 465 926 st
490 889 591 946 paoem
614 870 741 947 Populus
763 869 911 929 Romanus
933 889 1001 932 cunr
1024 870 1167 929 Helvetiis

171 962 294 1032 faceret,
309 963 339 1018 in
354 980 419 1020 eam
434 971 544 1037 partem
559 962 648 1020 ituros
662 973 748 1038 atque
762 963 802 1019 ibi
814 961 930 1022 ‘futuros
944 961 1103 1032 Helvetios,
1116 963 1166 1020 ubi

170 1069 221 1110 eos
235 1051 347 1109 Caesar
361 1049 554 1108 constituisset
568 1054 654 1125 atque
666 1071 730 1110 esse
741 1051 894 1109 voluisset:
916 1052 961 1108 siu
976 1051 1050 1108 bello
1071 1068 1165 1126 perse-

171 1143 224 1215 qui
238 1149 444 1217 perseveraret,
462 1140 695 1198 reminisceretur
711 1147 739 1198 et
753 1141 859 1198 veteris
879 1139 1051 1196 incommodi
1065 1139 1167 1215 Populi

175 1229 302 1287 Romam
315 1239 343 1287 et
364 1230 500 1306 pristinae
519 1231 633 1287 virtutis
654 1229 865 1288 Helvetiorum.
907 1227 994 1294 Quod
1014 1220 1168 1303 improviso
1181 1235 1219 1290 10

176 1337 272 1377 unum
289 1339 393 1397 pagum
408 1320 524 1378 adortus
544 1328 628 1389 esset,
643 1337 734 1396 quum
748 1320 778 1388 ii,
791 1319 843 1394 qui
863 1319 971 1376 flumen
991 1318 1167 1388 transissent,

47 1419 73 1438 ”
175 1410 241 1466 suls
266 1410 402 1466 auxilium
427 1408 503 1467 serre
525 1429 581 1466 non
601 1418 724 1485 possent,
745 1425 782 1464 ne
802 1408 839 1465 ob
859 1425 923 1464 eam
944 1422 1005 1464 rem
1027 1417 1076 1465 aut
1094 1425 1167 1466 suaa

175 1516 348 1576 magnopere
370 1500 470 1557 virtuti
494 1499 642 1567 tribueret,
666 1507 716 1556 aut
736 1498 813 1574 ipsos
838 1497 1015 1573 despiceret:
1037 1515 1068 1554 ee
1088 1498 1128 1555 ita
1149 1515 1168 1554 a

174 1589 304 1666 patribus
318 1588 532 1664 majoribusque
545 1590 607 1645 suis
627 1587 769 1658 didicisse,
791 1596 822 1644 ut
842 1587 935 1665 magis
949 1585 1062 1658 virtute,
1077 1605 1166 1665 quarn

174 1677 238 1734 dolo
258 1677 472 1746 contenderent,
493 1687 543 1734 aut
563 1677 673 1734 insidiis
693 1677 862 1735 niterentur.
904 1677 1005 1743 Quare
1031 1696 1067 1738 ue
1088 1681 1217 1737 corn-15

175 1767 307 1837 mitteret,
324 1777 356 1824 ut
370 1767 395 1824 is
420 1766 510 1835 locus,
527 1767 575 1823 ubi
596 1765 795 1835 constitissent,
817 1783 854 1824 ex
874 1767 1039 1826 calamitate
1062 1767 1164 1844 Populi

163 1855 297 1914 'Romani
309 1868 340 1914 et
353 1855 548 1913 internecione
562 1855 725 1916 excercitus
739 1873 841 1913 nomeu
853 1865 979 1931 caperet,
993 1866 1043 1916 aut
1058 1875 1163 1914 memo

176 1945 246 2003 riam
260 1945 404 2021 proderet.

214 2033 295 2092 XIV.
319 2033 375 2092 His
384 2033 495 2092 Caesar
508 2033 548 2092 ita
562 2033 722 2110 respondit:
744 2033 790 2092 lio
800 2033 856 2091 sibi
870 2033 966 2091 miuus
980 2033 1163 2092 dubitationis

175 2121 243 2193 dari,
258 2123 335 2200 quod
349 2143 400 2182 eas
415 2141 471 2193 res,
485 2137 559 2198 quas
572 2123 660 2200 legati
671 2123 799 2182 Helvetii
813 2133 1094 2194 commemorssaent,
1104 2143 1161 2181 ms·
1176 2124 1216 2186 alt

175 2213 263 2272 moria
286 2221 418 2285 teneret3
451 2221 536 2288 atque
553 2231 596 2270 eo
617 2214 737 2289 gravius
762 2211 847 2282 ferre,
868 2231 926 2289 quo
946 2214 1043 2270 minus
1063 2214 1164 2272 merito

176 2299 275 2378 Populi
289 2301 413 2358 Romani
427 2300 596 2360 accidisset:
617 2303 668 2378 qui
688 2302 714 2360 si
736 2302 862 2378 alicujus
881 2302 1008 2378 injuriae
1028 2302 1082 2360 sibi
1095 2319 1179 2378 oon-⁶

174 2392 252 2448 scius
274 2390 383 2460 luisset,
398 2407 455 2449 uon
476 2389 565 2450 lmese
587 2391 704 2450 difficile
726 2409 852 2464 eavere3
872 2393 924 2449 sed
946 2411 981 2450 ec
1000 2391 1161 2467 deceptum,
1196 2384 1201 2394 '

173 2479 250 2556 quod
272 2499 366 2558 neque
393 2481 579 2540 commissum
604 2499 622 2538 a
646 2499 678 2538 se
705 2479 889 2556 intelligeret,
913 2497 1006 2554 quara
1028 2481 1161 2550 timeret3

156 2585 268 2645 ,neque
281 2571 343 2628 sine
366 2588 457 2629 causa
479 2569 640 2628 timendum
661 2575 785 2644 puteret.
827 2566 913 2631 Quod
933 2566 1078 2624 ureteris
1097 2583 1163 2624 oon·
1176 2576 1215 2632 25

174 2659 310 2718 tumeliae
329 2659 462 2718 oblivisci
476 2659 573 2729 vellet,
595 2658 777 2716 numeriam
799 2655 960 2714 recentium
981 2653 1162 2730 injuriarum,

173 2749 246 2824 quod
273 2769 307 2808 eo
335 2750 432 2819 invito,
460 2751 516 2808 iter
540 2765 592 2826 per
616 2745 799 2806 Provinciam
827 2763 879 2823 per
908 2745 968 2803 vim
994 2753 1160 2816 tentassent,

172 2840 247 2914 quod
263 2841 391 2912 Aeduos,
414 2843 490 2918 quod
514 2842 684 2912 Ambarros,
708 2835 784 2917 quod
806 2840 980 2918 Allobrogas
1000 2851 1161 2914 vexassent,

174 2933 339 2990 memoriam
363 2933 506 3010 deponere
528 2933 645 3009 possetl
685 2929 772 2998 Quod
794 2950 848 2991 eus
868 2933 1068 2992 victoriatum
1088 2934 1161 2993 inse

173 3020 263 3080 lenter
276 3022 480 3099 gloriarentur,
494 3022 629 3099 quodque
642 3033 700 3081 tam
714 3023 764 3082 diu
778 3041 810 3082 se
829 3024 948 3100 impune
967 3024 1069 3082 tulime
1088 3026 1161 3101 inju-
1175 3027 1214 3085 80

173 3112 229 3169 rias
252 3112 474 3183 admirarentur,
497 3112 598 3170 eodem
617 3113 776 3189 perticere:
806 3130 961 3172 consuesse
989 3115 1067 3172 enim
1093 3114 1162 3172 deos

172 3199 357 3272 immortales,
381 3217 439 3277 quo
455 3202 583 3279 ,gravina
606 3202 735 3262 homines
756 3219 793 3260 ex
817 3204 1040 3262 commutatione
1064 3221 1162 3260 rerum

172 3288 292 3361 doleant,
307 3307 382 3367 quos
394 3307 446 3367 pro
458 3291 570 3350 scelere
581 3307 681 3350 eoram
693 3293 796 3351 ulcisci
807 3293 906 3364 velint,
918 3294 964 3351 his
977 3291 1162 3361 secundiores

172 3377 315 3437 interdum
329 3397 377 3438 res
390 3389 420 3437 et
432 3379 640 3440 diuturniorem
651 3381 849 3458 impunitatem
860 3381 1028 3440 concedere.
1060 3380 1162 3443 Quum

170 3485 207 3526 ea
218 3470 260 3529 its
272 3472 339 3540 sint,
356 3479 463 3540 tamen,
477 3471 503 3528 ai
516 3471 629 3531 obsides
649 3473 686 3530 ab
705 3473 743 3530 iis
766 3472 821 3529 sibi
842 3473 954 3540 dentur,
971 3471 1012 3526 uti
1026 3487 1071 3535 ea,
1086 3483 1161 3539 quae
1175 3465 1213 3522 85

171 3561 371 3636 polliceantur,
387 3561 513 3622 facturos
527 3563 688 3641 intelligat;
711 3565 770 3624 etsi
780 3563 894 3620 Aeduis
907 3563 943 3617 do
957 3558 1162 3632 injuriisque·

170 3653 238 3728 ipsis
252 3656 398 3730 sociisque
412 3671 513 3714 eorum
533 3656 701 3727 intulerint3
724 3656 793 3711 item
815 3654 840 3709 al
855 3647 1060 3723 Allobrogibus
1081 3647 1160 3706 setis.

172 3740 287 3814 iaciant,
301 3759 367 3801 sese
381 3760 450 3802 cum
464 3745 500 3802 iis
513 3763 615 3820 paoem
627 3759 689 3800 esse
701 3741 859 3799 iacturum.
888 3737 992 3794 Dlvieo
1003 3735 1160 3811 respondit:

169 3829 213 3890 lta
227 3831 380 3892 Helvetios
394 3851 411 3890 a
425 3833 582 3908 majoribus
595 3831 657 3887 suis
671 3829 813 3885 institutos
831 3841 904 3892 esse,
920 3823 960 3879 uti
982 3821 1093 3881 obsides
1114 3841 1160 3882 ao.
