2826 4336
219 365 377 420 ommes]
624 365 864 415 usnnsaxrus.
1205 364 1265 426 125

164 541 170 544 -
218 501 363 561 audiebat·
406 500 573 573 Discedens,
590 514 651 582 post
665 504 741 562 diam
759 507 912 581 septimum
932 527 995 566 sese
1015 525 1210 581 reversurum,

216 593 389 650 confluunt:
410 611 499 668 quam
521 595 556 650 ad
574 595 653 651 diem
666 597 694 652 ei
709 596 824 672 legioni,
839 615 914 672 quae
927 599 957 652 in
971 599 1111 672 praesidio
1126 599 1209 656 relin.

217 680 368 758 quebatur,
381 681 559 740 frumentum
570 685 668 742 deberi
680 687 798 741 sciebat.
840 685 1004 744 Labienum
1019 687 1209 746 Trebonium·

217 789 275 846 que
289 771 427 841 hortatur,
442 773 467 828 si
483 772 674 849 Reipublicae
688 774 836 832 commodo
850 774 947 834 iacere
963 777 1078 852 possint,
1094 777 1210 834 adeam

218 859 295 916 diem
309 871 508 933 revertantur3
531 871 571 931 ut,
588 879 689 920 rursus
703 865 913 922 communicato
934 867 1062 936 consilio,
1076 867 1207 942 explora-
1221 871 1241 927 ὗ

217 949 310 1025 risque
338 949 461 1007 hostium
489 953 655 1022 rationibus,
681 952 760 1010 aliud
788 953 857 1010 belli
881 955 993 1012 initium
1018 974 1122 1032 eapere
1146 971 1208 1034 pos·

216 1049 289 1096 sent.

257 1128 397 1188 XXXIV.
424 1130 506 1200 Erat,
530 1141 674 1207 utsupra
701 1131 969 1203 demonstravimus,
998 1153 1101 1192 manus
1128 1145 1209 1194 certa

216 1218 306 1288 nulla,
322 1237 379 1276 nou
400 1219 546 1296 oppidum,
561 1239 617 1278 non
639 1222 824 1297 praesidium,
839 1223 914 1297 quod
930 1242 960 1279 se
976 1224 1063 1280 armis
1077 1222 1207 1280 deiende-

215 1316 259 1364 ret
271 1327 279 1380 ;
293 1309 345 1365 sed
357 1309 387 1366 in
398 1325 497 1366 omnes
508 1319 603 1386 partes
614 1309 743 1386 dispersa
758 1309 920 1367 multitudo.
963 1310 1020 1367 Ubi
1035 1311 1141 1385 cuique
1158 1319 1208 1370 aut
1222 1307 1260 1364 10

215 1398 301 1454 vallis
323 1397 428 1467 abdita,
444 1407 495 1455 aut
515 1397 597 1456 locus
620 1401 771 1468 silvestris,
794 1409 843 1456 aut
865 1399 949 1475 palus
970 1399 1114 1475 impedita,
1129 1419 1209 1475 spem

215 1487 350 1563 praesidii
362 1497 411 1545 aut
421 1488 523 1544 salutis
535 1488 662 1562 aliquam
673 1487 820 1557 offerebat,
831 1488 1009 1544 consederat.
1051 1487 1134 1546 Haec
1144 1488 1208 1546 loca

215 1577 410 1634 vicinitatibus
420 1585 600 1649 erantnots3
617 1595 811 1654 magnamque
825 1595 872 1634 res
886 1575 1066 1654 diligentiam
1080 1578 1206 1652 require-

215 1665 271 1735 bat,
287 1683 343 1723 non
363 1667 393 1722 in
414 1683 528 1724 summa
548 1667 694 1723 exercitus
713 1666 832 1736 tuenda,
848 1664 978 1744 (nullum
998 1667 1077 1724 enim
1095 1675 1207 1743 poterut

215 1758 368 1827 universis,
380 1757 417 1814 ab
428 1759 587 1834 perterritis
602 1776 636 1815 ae
650 1758 796 1834 dispersis,
808 1759 972 1835 periculum
988 1757 1145 1837 accidere)
1156 1757 1206 1817 sed
1221 1753 1259 1810 15

215 1845 246 1904 in
259 1847 381 1924 singulis
396 1847 536 1904 militibus
557 1847 762 1904 conservandis
775 1867 783 1919 ;
806 1867 881 1924 quae
902 1858 998 1906 tamen
1012 1868 1049 1906 ex
1064 1859 1145 1925 parte
1160 1865 1207 1906 res

216 1936 388 1993 adsalutem
403 1937 551 1994 exereitus
563 1937 734 2013 pertinebat.
777 1937 856 1994 Nam
877 1947 906 1995 et
926 1938 1050 2014 praedae
1064 1935 1207 2014 cupiditas

215 2025 321 2082 multos
334 2026 452 2102 longius
463 2025 612 2094 evocabat,
625 2035 653 2082 et
666 2026 756 2083 silvae
770 2027 888 2084 incertis
901 2027 1082 2102 occultisque
1098 2027 1206 2084 itineri·

214 2115 270 2172 bus
291 2114 433 2172 consertos
454 2114 534 2172 adire
555 2115 752 2190 prohibebant.
795 2115 826 2173 Si
848 2117 994 2192 negotium
1015 2117 1128 2186 confici,
1143 2116 1206 2173 stir-

215 2203 508 2280 pemquehominum
532 2203 740 2261 sceleratorum
760 2203 883 2262 interfici
904 2205 1000 2274 vellet,
1022 2203 1206 2262 dimittendae
1220 2203 1259 2259 2⁰

215 2292 314 2368 plures
335 2311 448 2361 manus,
467 2291 680 2368 diducendique
703 2301 785 2348 erant
810 2292 934 2348 milites:
956 2293 981 2348 ri
1002 2293 1149 2350 continere
1171 2291 1208 2350 ad

215 2382 299 2458 sigua
313 2382 476 2456 manipulos
490 2382 587 2450 vallet,
604 2391 635 2438 ut
649 2381 779 2439 instituta
794 2382 865 2438 ratio
886 2390 915 2437 et
935 2381 1112 2437 consuetude
1123 2393 1206 2437 exer-

215 2471 291 2528 citus
312 2470 436 2528 Romani
458 2469 627 2546 postulabat,
644 2469 725 2526 loeus
746 2471 806 2545 ipse
827 2479 890 2526 erat
911 2467 1052 2543 praesidio
1067 2469 1206 2537 barbaris,

214 2577 310 2634 neque
324 2578 360 2616 ex
375 2559 489 2616 occulto
503 2557 657 2615 insidiandi
678 2569 706 2616 et
727 2558 869 2634 dispersos
889 2554 1136 2613 circumveniendi
1151 2555 1207 2611 sin·

214 2647 292 2726 gulis
303 2647 402 2706 deerat
413 2647 545 2705 audacia.
588 2647 629 2704 At
640 2647 670 2703 in
681 2645 821 2722 ejusmodi
830 2643 1055 2711 difficultatibus,
1068 2651 1208 2718 quantum
1220 2641 1259 2700 tlt

215 2737 364 2814 diligentia
386 2736 528 2812 provideri
552 2745 670 2812 poterat,
693 2733 916 2811 providebatur3
938 2741 970 2789 ut
993 2732 1087 2808 potius
1107 2732 1138 2788 in
1159 2747 1207 2790 nez

215 2825 306 2884 cando
321 2823 430 2902 aliquid
443 2825 631 2892 omitteretur,
644 2825 698 2881 ersi
711 2824 840 2880 omnium
854 2823 944 2878 animi
956 2820 994 2878 ad
1009 2820 1209 2880 ulciscendum

216 2915 362 2984 ardebant,
383 2931 471 2990 quam
495 2931 564 2970 cum
589 2913 685 2988 aliquo
708 2912 878 2970 detrimento
898 2909 1021 2968 militum
1045 2919 1207 2971 noceretur.

215 3001 325 3061 Caesar
347 3002 383 3060 ad
402 3002 540 3060 finitimas
561 3003 693 3058 civitates
712 3002 834 3058 nuncios
854 2999 988 3058 dimittit:
1009 3015 1108 3058 omnes
1126 3001 1208 3060 adse

215 3101 318 3150 evocat
340 3111 389 3167 spe
410 3090 544 3167 praedae,
567 3089 601 3146 ad
626 3089 799 3166 diripiendos
823 3089 984 3160 Eburones,
1006 3098 1039 3148 ul
1063 3091 1157 3166 potius
1178 3087 1260 3148 itm

216 3177 297 3238 silvis
318 3177 472 3238 Gallorum
493 3180 561 3248 vita,
582 3195 670 3254 quam
689 3177 865 3254 legionarius
887 3179 981 3249 miles,
1008 3180 1207 3256 periclitatum

217 3265 303 3326 simul
326 3279 366 3338 ut,
382 3287 489 3344 magna
511 3265 695 3324 multitudine
720 3265 908 3338 circumfusa,
923 3285 974 3343 pro
996 3268 1048 3326 tali
1071 3267 1208 3336 facinore,

216 3358 301 3433 stirps
316 3377 350 3415 ac
365 3375 470 3414 nomen
485 3355 609 3414 civitatis
623 3354 750 3412 tollatur.
792 3353 919 3434 Magnus
933 3355 1060 3432 undique
1069 3369 1210 3412 numerus

216 3446 351 3504 celeriter
365 3446 508 3503 convenit.

258 3533 382 3592 XXXV.
406 3533 490 3591 Haec
504 3533 534 3589 in
548 3532 680 3590 omnibus
694 3531 864 3590 Eburonum
877 3533 1007 3608 partibus
1025 3529 1209 3605 gerebantur,
1221 3527 1262 3584 δ

216 3621 335 3698 diesque
351 3622 500 3699 appetebat
514 3621 661 3697 septimus,
677 3639 763 3695 quem
779 3621 815 3678 ad
829 3621 906 3677 diem
919 3620 1029 3676 Caesar
1043 3615 1079 3671 ad
1092 3615 1210 3688 impedi·

216 3721 314 3768 menta
335 3709 538 3788 legionemque
562 3711 668 3768 reverti
690 3711 886 3766 conmituemt.
930 3697 997 3773 Hic,
1018 3702 1211 3777 quantumin

215 3797 293 3855 bello
306 3795 422 3855 senuna
435 3799 532 3874 possit,
547 3807 576 3856 et
588 3807 711 3873 quantos
724 3795 828 3852 afferat
842 3802 937 3859 casus,
952 3791 1087 3866 cognosci
1108 3791 1209 3866 potuk.

217 3883 370 3962 Dissipatis
389 3905 424 3944 ac
444 3886 602 3961 perterritis
622 3883 759 4028 hostlipps,
775 3891 807 3938 ut
825 3879 1093 3950 mammas,
1104 3893 1211 3941 rum·
