2826 4336
193 327 235 386 ⁰4
547 335 591 381 nc
612 333 716 382 nunno
737 331 880 380 onciaco
1075 331 1230 386 [cusam

243 473 330 532 iidem
341 483 466 542 secutus,
480 471 516 532 ad
527 472 636 530 eumin
646 471 839 530 continentem
851 468 980 528 Galliam
990 477 1118 539 venerat,
1129 467 1231 547 (cujus

243 572 324 638 pater
337 561 537 618 lmanucntius
548 562 578 616 in
593 579 628 616 ea
642 560 759 616 civitate
774 577 895 635 regnum
909 559 1082 626 obtinuerat,
1096 557 1229 614 iuterfec-

242 660 345 726 tusque
366 659 428 706 erat
449 669 466 706 a
485 647 704 706 Cassiuellauno
715 667 725 719 3
754 649 815 723 ipse
837 645 908 722 fuga
934 655 1054 704 mortem
1074 645 1229 722 vitaverat)

242 737 351 815 legatos
361 738 398 796 ad
407 737 563 796 Caesarem
575 738 698 805 mittunt,
708 736 947 812 pollicenturque,
959 754 1023 792 sese
1040 735 1069 792 ei
1085 735 1229 792 dedituros

210 838 229 890 5
242 836 328 902 atque
342 829 482 902 imperata
495 825 637 908 facturos:
663 835 771 900 petunt,
784 834 815 881 ut
827 823 1060 882 Mandubratium
1075 825 1111 880 ab
1122 823 1229 897 injuria

241 914 454 976 Cassivellauni
474 913 616 982 defendat,
632 923 718 988 atque
732 914 763 969 in
777 913 923 988 civitatem
941 913 1042 980 mittat,
1057 913 1107 986 qui
1121 912 1229 986 praesit

241 1004 452 1079 imperiumque
479 1003 614 1060 obtineat.
673 1000 729 1058 His
755 1001 865 1059 Caesar
890 1001 1012 1077 imperat
1037 999 1150 1056 obsides
1176 1017 1226 1068 xa,

242 1089 476 1167 frumentumque
504 1091 652 1159 exercitui,
679 1089 971 1166 Mandubratiumque
995 1087 1031 1146 ad
1054 1107 1103 1145 eos
1130 1089 1225 1145 mittit.

241 1178 289 1236 llli
303 1180 443 1256 imperata
456 1179 592 1238 celeriter
606 1178 745 1249 fecerunt,
757 1179 869 1237 obsides
882 1178 918 1235 ad
931 1195 1086 1236 numerum
1101 1175 1226 1234 frumeu-

192 1274 229 1330 10
241 1276 327 1344 teque
342 1269 492 1326 miserunt.
857 1307 860 1314 ·

282 1355 363 1414 xxi.
386 1357 611 1416 Trinobantibus
631 1355 764 1425 delensis,
781 1367 865 1432 atque
886 1356 922 1413 ob
941 1355 1019 1412 omni
1040 1355 1164 1412 militurn
1184 1354 1226 1410 iu-

201 1481 206 1488 ·
237 1445 317 1520 juria
339 1446 494 1520 prohibitis,
517 1445 697 1518 Cenimagni,
719 1443 893 1519 Seguntium,
918 1444 1078 1513 Ancalites,
1102 1437 1226 1512 Bibroci,

239 1532 331 1599 Cassi,
347 1533 536 1608 legationibus
550 1532 644 1588 missis
660 1549 724 1586 sese
740 1531 859 1588 Caesari
880 1531 997 1588 dedunt.
1040 1531 1090 1588 Ab
1103 1532 1147 1588 his
1161 1549 1227 1606 cog·

239 1619 339 1685 noscit,
355 1637 411 1674 non
432 1620 516 1692 longe
536 1637 572 1697 θῇ
592 1637 626 1674 eo
646 1617 709 1674 loco
729 1617 863 1692 oppidum
883 1618 1095 1675 Cassivellauni
1116 1620 1227 1688 abesse,

189 1704 319 1765 lbsilvis
344 1703 554 1777 paludibusque
579 1705 730 1771 munitum,
758 1723 816 1777 quo
839 1705 908 1762 'satis
932 1723 1056 1780 magnus
1077 1705 1228 1763 homiuum

237 1792 406 1866 pecorisque
420 1807 560 1846 uumerus
574 1791 750 1849 convenerit.
792 1789 952 1864 (Oppidum
973 1799 1071 1847 autem
1091 1790 1227 1850 Britanni

237 1886 350 1946 vocant,
366 1895 456 1952 quum
477 1877 565 1933 silvas
586 1876 736 1950 impeditas
749 1877 826 1934 vallo
849 1887 934 1952 atqua
952 1877 1027 1934 fossa
1048 1881 1225 1952 munierunt,

236 1983 293 2038 quo
301 1963 473 2022 incursionis
484 1963 606 2020 hostium
615 1963 748 2020 vitandae
759 1982 849 2022 causa
857 1967 1011 2024 convenire
1022 1971 1226 2046 consuerunt.)

236 2051 281 2108 Eo
292 2052 481 2126 proficiscitur
492 2069 560 2108 cum
571 2052 748 2128 legionibus:
769 2051 864 2110 locum
877 2055 981 2130 reperit
992 2057 1109 2132 egregia
1120 2067 1226 2116 natura

183 2145 223 2200 20
236 2154 322 2215 atque
333 2157 418 2216 opere
430 2141 572 2197 munitum
582 2159 591 2212 3
613 2151 708 2198 tamen
719 2140 797 2198 hunc
807 2140 920 2199 duabus
930 2161 966 2200 ex
978 2145 1107 2218 partibus
1116 2163 1224 2222 oppug-

235 2247 307 2286 nare
321 2229 476 2286 contendit.
513 2227 624 2299 Hostes,
637 2227 783 2306 paulisper
796 2232 908 2300 morati,
923 2231 1047 2290 militum
1062 2244 1224 2292 nostrorum

234 2315 373 2392 impetum
388 2335 444 2375 nou
458 2317 594 2387 tulerunt,
606 2333 726 2394 seseque
740 2317 798 2376 alia
811 2335 848 2376 ex
862 2329 943 2394 parta
954 2321 1049 2397 oppidi
1063 2322 1221 2396 ejecerunt.

235 2403 361 2484 Magnus
375 2407 414 2463 ibi
428 2425 567 2464 numerus
585 2408 696 2482 pecoris
715 2417 854 2483 repertus,
869 2409 1011 2485 multique
1026 2410 1056 2466 iu
1071 2409 1142 2486 fuga
1156 2421 1222 2468 suut

236 2495 435 2570 comprehensi
450 2505 535 2570 atque
549 2493 701 2552 interfecti.

182 2591 222 2646 2⁵
278 2583 373 2642 XXII.
396 2583 474 2642 Dum
493 2585 565 2642 haec
581 2585 617 2640 iu¹
627 2585 672 2641 his
686 2583 758 2642 locis
771 2595 921 2660 geruntur,
935 2585 1173 2644 Cassivellaunus
1187 2587 1223 2644 ad

234 2671 380 2742 Cantium,
388 2673 464 2747 quod
475 2691 538 2730 esse
549 2673 584 2730 ad
597 2689 677 2730 mare
688 2691 776 2749 supra
787 2673 1053 2743 demonstravimus,
1063 2675 1168 2750 quibus
1179 2693 1221 2732 re·

234 2760 367 2834 gionibus
377 2772 501 2835 quatuor
515 2780 598 2838 reges
609 2769 770 2837 praeerant,
782 2760 957 2836 Cingetorix,
969 2761 1123 2831 Carvilius,
1134 2761 1222 2820 Taxi-

234 2848 379 2922 magulus,
387 2849 530 2922 Segouax,
538 2851 659 2906 nuncios
667 2851 761 2918 mittit,
768 2861 852 2924 atque
862 2849 906 2906 his
914 2851 1044 2924 imperat,
1055 2852 1105 2920 uti,
1115 2853 1222 2909 coactis

234 2934 367 2989 omnibus
386 2936 484 3007 copiis,
496 2945 591 2992 castra
606 2937 723 2994 navalia
736 2937 772 2994 dc
786 2938 940 3013 improviso
954 2937 1120 2994 adoriantur
1134 2949 1221 3015 atque

183 3021 222 3076 80
234 3028 408 3091 oppugnent.
431 3018 455 3076 Ii
464 3038 554 3093 quum
564 3023 599 3079 ad
608 3035 704 3082 castra
712 3025 865 3094 venissent,
873 3025 969 3092 nostri,
976 3027 1124 3099 eruptione
1134 3025 1220 3097 facta,

233 3103 332 3160 multis
345 3121 444 3160 eorum
459 3107 626 3179 interfectis,
642 3121 724 3188 capto
739 3114 826 3170 etiam
845 3113 932 3170 nobili
945 3112 1019 3168 duce
1033 3111 1220 3190 Lugotorige,

232 3207 301 3246 suos
311 3190 470 3248 incolumes
482 3193 667 3254 reduxerunt.
702 3200 949 3268 Cassivellaunus,
961 3199 1015 3256 hoo
1026 3200 1133 3275 proelio
1147 3219 1220 3259 uun·

233 3276 316 3345 ciato,
330 3286 371 3335 tot
385 3278 561 3338 detrimentis
575 3286 711 3360 acceptis,
727 3290 845 3345 vastatis
856 3287 970 3356 finibus,
989 3289 1113 3345 maxime
1133 3290 1221 3347 etiam

202 3397 207 3406 ι
232 3375 377 3441 permotus
400 3366 559 3424 desectione
580 3371 739 3442 civitatum,
754 3375 864 3452 legatos
883 3393 934 3450 per
948 3376 1118 3433 Atrebatem
1135 3377 1219 3435 Com·

181 3459 219 3515 35
233 3453 323 3508 mium
334 3452 370 3510 de
381 3453 521 3510 deditione
533 3455 569 3512 ad
579 3456 735 3516 Caesarem
749 3461 843 3519 mittit.
879 3463 996 3532 Caesar,
1006 3483 1096 3538 quum
1107 3468 1219 3523 statuis·

232 3548 275 3596 set
295 3541 419 3598 hiemem
438 3542 469 3597 in
490 3543 648 3600 continenti
669 3556 783 3621 propter
804 3551 966 3624 repentinos
992 3551 1106 3608 Galliae
1126 3564 1219 3611 motus

232 3644 328 3701 agere,
339 3645 432 3703 neque
441 3629 565 3686 multum
574 3633 688 3688 aestatis
697 3647 867 3708 superesset,
878 3647 964 3713 atque
973 3639 1001 3695 id
1011 3639 1097 3697 facile
1107 3642 1219 3699 extrahi

231 3729 314 3786 posse
328 3716 512 3792 intelligeret,
527 3717 639 3776 obsides
650 3720 793 3796 imperat3
816 3724 928 3799 etquid
942 3728 972 3782 iu
987 3745 1077 3785 annos
1089 3729 1221 3804 singulos

232 3799 383 3876 vectigalis
410 3803 520 3879 Populo
547 3806 677 3866 Romano
704 3807 857 3868 Britannia
884 3813 1031 3888 penderet,
1054 3816 1217 3876 mustituitr
