2826 4336
204 267 264 332 ite
564 268 885 322 υειιειωωιυοο
1097 272 1247 326 [cuns

254 412 385 472 futurum
410 409 605 488 providentsi
626 431 658 468 se
681 421 722 469 tot
745 411 895 502 homipum
918 409 1011 466 millis
1030 427 1099 468 oum
1120 411 1248 470 hostibus

252 503 464 578 conjunxerint,
488 519 615 578 quorum
640 501 763 558 salutem
791 519 886 574 neque
911 501 1064 576 propinqui
1087 501 1246 578 negligere,

252 581 347 666 ne'que
360 593 464 649 civitas
477 590 536 648 levi
550 601 695 648 momento
708 591 862 650 cesumere
876 601 981 665 posset.

292 679 358 740 XL.
381 679 490 758 Megne
504 678 627 738 effectus
638 679 835 736 sollieitudine
849 681 904 736 hoc
917 681 1025 738 nuncio
1037 681 1156 750 Ceeser‚
1171 681 1246 756 qnod

220 782 366 847 esemper
380 769 552 830 Aeduorum
572 769 683 830 civitati
705 770 861 846 preecipue
881 769 1050 840 indulserat,
1065 771 1147 828 nulle
1160 772 1246 828 iuter-

254 861 346 936 posits
366 861 552 928 dubitatione,
573 859 703 936 legiones
723 859 871 936 expedites
891 870 1016 935 quotuor
1029 862 1248 936 equitatumque

250 969 366 1010 omuem
380 971 417 1008 ex
431 951 535 1010 cestris
555 950 673 1008 educit:
695 968 751 1008 nec
772 949 827 1007 suit
841 950 966 1026 spetlum
988 951 1040 1008 teli
1061 961 1188 1026 tempore
1210 950 1247 1010 ed

250 1041 448 1101 contrahenda
467 1051 573 1110 cestre,
587 1040 664 1116 quod
686 1057 734 1097 res
753 1041 844 1116 posite
865 1040 895 1096 in
918 1041 1069 1098 celeritets
1082 1041 1246 1098 videbetur.

250 1129 286 1186 C.
301 1129 427 1190 Fabium
441 1131 571 1207 legetum
583 1149 653 1188 cum
668 1130 831 1207 legionibus
844 1148 867 1188 11
881 1131 986 1188 cestris
1000 1131 1142 1206 praesidio
1160 1131 1246 1188 relin-

201 1225 238 1282 1⁰
251 1221 324 1295 quit.
366 1217 487 1279 Fratres
507 1219 633 1278 Litevici
658 1237 750 1296 quum
774 1220 979 1296 comprehendi
997 1221 1139 1296 jussisset,
1161 1221 1248 1296 poulo

251 1321 319 1370 ente
343 1312 449 1386 reperit
469 1310 505 1368 ed
528 1311 624 1368 hostes
645 1309 817 1388 profugisse.
859 1309 1038 1370 Adhortatus
1063 1311 1177 1380 milites,
1199 1310 1247 1367 Ne

250 1402 416 1459 necessario
430 1410 557 1476 tempore
567 1400 679 1456 itineris
687 1399 785 1456 labore
794 1410 1021 1474 permoveantur
1028 1420 1037 1471 ;
1054 1400 1248 1476 cupidissimis

249 1489 394 1558 omnibus,
409 1505 579 1564 progressus
596 1488 688 1544 millis
709 1507 848 1562 passuum
868 1505 940 1557 xxv,
955 1505 1060 1564 agmen
1076 1489 1248 1548 Aeduorum

249 1578 442 1652 conspicatus,
471 1577 599 1634 imnrisso
625 1577 765 1650 equitatu,
793 1577 849 1633 iter
875 1594 977 1634 eorum
1005 1588 1135 1646 moretur
1157 1590 1247 1654 etque

156 1687 159 1692 ·
198 1669 236 1724 15
248 1663 376 1739 impedit,
401 1665 603 1738 interdicitque
623 1664 766 1733 omnibus,
791 1681 829 1720 ne
858 1681 1035 1739 quemquem
1057 1665 1246 1728 interficient.

249 1751 474 1828 Eporedorigem
488 1763 516 1808 et
531 1751 757 1820 Viridomarurn,
772 1770 845 1827 quos
863 1751 906 1810 illi
921 1752 1086 1812 interfectos
1099 1757 1246 1818 existime-

248 1839 326 1908 beot,
353 1840 429 1898 inter
455 1840 568 1914 equites
596 1841 707 1896 verseri
733 1859 860 1914 suosque
888 1842 1036 1918 appellere
1062 1845 1155 1920 jubet.
1206 1847 1247 1906 lis
1366 1853 1374 1865 ¹

247 1927 378 2004 cognitis,
394 1938 423 1984 et
436 1926 563 1986 Litavici
578 1927 680 1986 frende
701 1940 861 2006 perspecte,
877 1931 976 1990 Aedui
991 1951 1095 1992 munus
1117 1937 1244 2009 tendere,

246 2027 276 2074 et
295 2016 468 2074 deditionem
489 2017 664 2094 significare,
679 2027 716 2088 et,
732 2019 867 2095 projectis
887 2022 986 2092 ermis,
1002 2035 1124 2082 mortem
1144 2026 1243 2104 depre-

193 2111 234 2168 2⁰
247 2106 310 2164 ceri
324 2105 476 2181 incipiunt.
518 2105 671 2166 Litevious
682 2127 760 2166 cum
781 2111 842 2168 suis
856 2111 1020 2182 clientibus,
1034 2115 1142 2189 quibus
1162 2115 1244 2174 nefus

246 2213 326 2254 more
342 2194 495 2255 Gallorum
507 2206 560 2265 est,
575 2197 663 2254 etiem
677 2199 707 2254 in
722 2208 852 2258 exueme
867 2199 990 2273 senune,
1002 2201 1136 2262 deserere
1150 2217 1242 2281 petro-

245 2305 308 2355 nos,
324 2285 500 2362 Gergoviam
515 2285 650 2364 profugit.

288 2374 367 2436 XLI.
388 2376 507 2447 Ceeser,
528 2378 644 2436 nunciis
665 2378 701 2437 ed
716 2380 863 2440 civitatem
879 2383 1051 2445 Aeduorum
1072 2387 1175 2455 missis,
1190 2388 1242 2462 qui

245 2483 299 2524 suo
313 2465 455 2527 beneficio
467 2479 651 2528 mnservetos
663 2468 809 2540 docerent,
823 2490 896 2547 quos
911 2473 979 2548 jure
995 2475 1063 2532 belli
1077 2476 1243 2534 interficere

194 2571 233 2626 25
246 2558 392 2633 potuisset,
407 2557 557 2634 tribusque
580 2558 657 2619 horis
679 2561 779 2618 noctis.
794 2563 936 2620 exercitui
959 2563 995 2622 ed
1009 2566 1136 2640 quietem
1158 2565 1240 2637 detis,

246 2657 343 2706 cestre
357 2647 393 2704 ed
415 2645 593 2724 Gergoviam
619 2650 715 2708 movit.
759 2650 854 2708 Medio
876 2651 937 2710 fere
959 2654 1060 2712 itinere
1083 2657 1238 2732 equites,e

246 2735 338 2794 Febio
353 2739 441 2806 missi,
453 2750 560 2813 quento
575 2739 665 2796 resin
680 2741 810 2816 periculo
825 2740 921 2812 fuerit,
933 2755 1096 2820 exponunt3
1119 2748 1241 2806 summis

245 2825 335 2898 copiis
359 2836 454 2884 cestre
474 2838 640 2903 oppugnare
664 2829 868 2899 demonstrent,
892 2851 985 2907 quum
1007 2835 1110 2894 crebro
1133 2837 1240 2913 integri

166 2923 169 2930 ·
245 2911 366 2968 defessis
379 2915 578 2985 succederent,
594 2928 773 2996 nostrosque,
787 2919 904 2979 assiduo
924 2922 1021 2980 labore
1036 2923 1237 3001 defatigarent,

193 3011 233 3066 ao
244 2999 351 3072 quibus
364 3006 716 3078 proptermeguitudiuem
730 3021 890 3067 nestrorum
901 3022 1039 3088 perpetuo
1047 3025 1123 3072 esset
1131 3015 1238 3073 eisdem

244 3088 275 3144 in
290 3087 367 3144 vello
380 3091 627 3165 permanendum
650 3098 835 3156 multitudine
855 3101 1036 3176 sagittarum,
1052 3101 1138 3180 st'que
1160 3107 1239 3162 omui

244 3193 352 3252 genere
366 3176 490 3234 telorum
503 3180 610 3237 multos
623 3185 809 3259 vulneratos;
833 3188 870 3246 ed
884 3189 957 3248 heec
970 3192 1138 3251 sustinenda
1158 3211 1237 3270 meg-

243 3281 281 3324 no
302 3265 369 3322 usui
390 3264 480 3322 fuisse
502 3276 644 3329 tormente
655 3291 665 3342 3
688 3273 823 3344 Fabium,
845 3277 976 3338 discesm
998 3299 1109 3349 eorum,
1125 3281 1239 3342 duabus

244 3353 353 3413 relictis
368 3354 465 3430 portis,
480 3353 629 3414 obstruere
643 3372 783 3432 necteres,
799 3365 969 3442 pluteosque
983 3369 1060 3428 vello
1081 3369 1195 3440 addere,
1208 3384 1239 3432 et

191 3455 230 3510 35
242 3463 274 3502 ee
288 3446 319 3502 in
333 3454 477 3521 posmrum
497 3443 575 3502 diem
597 3447 722 3506 similem
745 3453 780 3510 ed
797 3473 899 3518 cesum
919 3475 1033 3532 perere.
1076 3459 1132 3518 His
1151 3463 1238 3520 rebus

242 3536 375 3610 cognitis,
390 3532 509 3604 Caesar,
524 3551 649 3593 summo.
659 3539 752 3598 studio
774 3542 899 3602 militum
922 3556 988 3605 ente
1010 3559 1104 3606 ertum
1119 3550 1187 3608 solis
1203 3553 1238 3610 in

242 3635 339 3681 cestre
352 3624 494 3699 pervenit.

283 3709 376 3770 XLII.
399 3707 478 3772 Dum
499 3713 574 3772 lieec
594 3715 630 3772 ed
646 3715 823 3794 Gergoviem
846 3735 998 3798 geruntur,
1014 3727 1121 3798 Aedui,
1136 3731 1237 3805 primis

242 3799 357 3860 nunctis
377 3819 395 3856 e
416 3797 549 3860 Litavieo
570 3807 707 3882 acceptis,
728 3809 844 3868 nullum
864 3811 922 3870 sibi
945 3813 981 3876 ed
1002 3817 1236 3892 cognoscendum
