2844 4340
175 315 338 372 omnus]
394 391 401 398 ι
489 331 490 336 =
552 313 657 366 ‘ninus
674 313 842 364 summus.
1166 311 1226 370 ten

103 515 108 528 ,
176 457 302 533 spatium
318 442 497 530 relinquunt.
540 452 665 530 Impellit
687 454 759 512 alios
782 455 914 527 avaritia,
929 445 1002 515 elios
1021 457 1173 520 necandis

177 558 205 605 et
218 546 377 614 temeritas,
393 563 469 621 quae
484 545 610 602 maxime
625 543 668 601 illi
683 545 831 602 bominum
845 549 946 624 generi
960 559 1003 606 est
1017 550 1124 618 innata,
1141 559 1173 606 ut

176 637 272 694 levem
294 635 471 693 auditionem
493 635 617 692 habeant
638 653 689 710 pro
710 651 744 692 re
763 647 918 714 comperta.
960 637 1042 696 Rona
1063 639 1173 696 civium

177 726 377 784 Romanorum
391 723 540 800 diripiunt,
555 725 660 782 caedes
682 723 802 794 laniunt,
818 727 848 784 in
868 727 1037 785 servitutem
1061 728 1171 786 abstra-

176 817 259 874 lruut.
303 816 435 892 Adjuvat
455 831 515 871 rem
530 815 719 890 proclinatam
740 815 984 888 Convlotolitanie,
1000 818 1203 895 plebemque5

177 905 354 964 adiurorem
365 904 496 981 impellit,
510 914 550 974 ut,
557 903 689 962 ⁴iocinore
699 904 833 978 admisso,
849 905 886 964 ad
898 910 1050 966 sanitatem
1065 909 1171 986 pudeat

178 998 292 1054 reverti.
336 995 378 1053 Μ.
396 995 540 1054 Aristium
562 995 712 1054 tribunum
736 997 870 1067 militum,
893 999 948 1057 iter
969 997 1006 1054 ad
1027 1000 1172 1076 legionem

178 1085 341 1156 lenientem,
366 1086 434 1144 data
461 1085 518 1143 fide
545 1103 582 1142 ex
609 1086 712 1162 oppido
738 1085 888 1145 Cabillono
915 1089 1062 1146 educunt:
1094 1091 1172 1146 idem

179 1174 274 1236 faeere
302 1188 411 1256 cogunt
435 1195 492 1247 eos,
517 1178 568 1254 qui
595 1177 761 1256 negotiandi
788 1194 880 1237 eausa
907 1177 947 1236 ibi
975 1179 1170 1236 constiterant.

177 1267 239 1326 Hos
253 1269 389 1328 continuo
403 1269 433 1324 in
441 1268 544 1326 itinere
555 1266 654 1336 adorti,
665 1268 799 1324 omnibus
813 1267 1026 1342 impedimentis
1039 1279 1169 1339 exuunt·;
1188 1273 1224 1328 10

177 1370 372 1436 repugnantes
385 1359 461 1416 diem
471 1368 643 1434 noetemque
654 1356 784 1415 obsident
794 1375 802 1429 ;
816 1357 916 1414 multis
928 1358 1074 1434 utrimque
1085 1359 1171 1416 inter·

178 1449 268 1520 fectis,
280 1449 419 1524 majorem
434 1441 648 1506 multitudinem
664 1445 700 1504 ed
715 1463 797 1504 arma
811 1448 967 1505 connitent.

217 1537 326 1598 XLlll.
356 1538 475 1596 Interim
502 1538 610 1596 nuncio
639 1537 734 1606 allato,
758 1553 858 1595 omnes
886 1555 987 1596 eorum
1011 1537 1118 1596 milites
1141 1527 1183 1596 in=

178 1639 315 1707 potestate
342 1627 477 1686 Caesaris
505 1628 607 1698 teneri,
636 1635 815 1686 eoneurrunt
840 1627 876 1684 ad
902 1628 1065 1686 Aristium:
1099 1628 1171 1685 nihil

178 1719 293 1797 publico
307 1717 417 1776 fantum
438 1718 559 1775 oonsilio
577 1716 793 1776 demonstrant:
814 1719 1012 1795 quaestionem
1034 1717 1072 1775 de
1091 1719 1172 1776 bonis
1187 1727 1223 1782 15

178 1809 294 1884 direptis
314 1807 493 1865 decernunt:
516 1805 698 1884 fratrumque
722 1807 796 1866 bona
812 1808 980 1886 publicant:
1003 1807 1114 1886 lagatos
1128 1808 1172 1866 ¹ad

177 1900 332 1958 Caesarem
346 1899 392 1956 sui
407 1898 551 1976 purgandi
565 1899 660 1974 gratia
682 1899 809 1956 mittunt.
833 1899 936 1958 'Haeo
958 1898 1069 1958 iaciunt
1090 1915 1171 1958 reon·

177 1991 368 2068 parandorum
382 2005 502 2045 suorum
517 2004 626 2044 eausa:
648 1987 699 2044 sed
710 1990 897 2048 oontaminati
910 1989 1048 2060 laoinore,
1059 1998 1087 2047 et
1096 1989 1173 2066 capti

176 2079 345 2156 eompendio
359 2097 395 2136 err
404 2077 524 2156 direptis
538 2079 628 2147 bonis,
638 2078 714 2154 quod
729 2099 765 2137 ea
776 2097 823 2136 res
833 2073 873 2137 'ad
885 2081 991 2140 multos
1002 2080 1172 2158 pertinebat,

176 2179 205 2230 st
219 2172 319 2228 timore
342 2187 450 2245 poenae
469 2169 609 2238 exterriti,
623 2169 745 2226 oonsilio
760 2170 837 2226 olam
858 2169 894 2228 ds
918 2170 993 2228 bello
1014 2171 1088 2227 inire
1102 2170 1172 2226 inei·
1185 2175 1226 2232 20

177 2261 267 2338 piunt,
292 2259 484 2336 civitatesque
507 2259 639 2334 reliquas
661 2258 854 2336 legationibus
879 2259 1045 2317 sollicitant.
1086 2259 1173 2324 Quae

177 2351 290 2408 temetsi
311 2349 422 2408 Caesar
444 2349 632 2425 intelligebat,
657 2357 764 2419 tamen,
787 2367 875 2423 quam
901 2349 1051 2406 mitissime
1073 2357 1173 2423 potest,

178 2440 287 2518 legatos
302 2439 446 2516 appellat:
468 2436 551 2498 Nihil
574 2457 605 2496 se
628 2447 744 2514 propter
765 2439 947 2498 inscientiam
968 2437 1175 2510 levitatemque

178 2523 258 2607 vulgi
272 2530 392 2607 gravius
405 2528 442 2585 de
462 2529 579 2586 oivitate
597 2527 739 2604 judicare,
758 2545 855 2602 neque
877 2525 915 2582 de
935 2543 988 2582 sua
1010 2525 1039 2580 in
1054 2522 1175 2582 Aeduos

178 2619 377 2678 benevolentia
390 2618 570 2678 deminuere.
612 2615 686 2694 lpse,
702 2616 840 2691 majorem
862 2613 978 2672 Galliae
999 2621 1109 2674 motum
1123 2631 1172 2670 ex·
1187 2621 1227 2678 25

179 2719 319 2785 mans,
335 2727 373 2766 ne
387 2709 423 2765 ab
435 2709 569 2765 omnibus
584 2707 749 2765 civitatibus
764 2706 1037 2774 eircumsisteretur,
1053 2703 1176 2761 oonsilio

179 2801 277 2869 inibat,
292 2799 535 2877 quemadmodum
550 2799 587 2855 ab
603 2798 749 2876 Gergovia
763 2797 932 2866 diseederet,
949 2815 984 2854 ao
1000 2811 1101 2853 rursus
1115 2813 1176 2856 om-

179 2907 244 2948 nem
269 2889 431 2948 exereitum
457 2889 640 2950 contraheret
652 2909 661 2961 ;
689 2907 726 2947 ne
751 2887 899 2966 profectio,
922 2898 991 2948 nata
1014 2887 1050 2947 ab
1073 2888 1176 2948 timore

180 2979 355 3050 deiectionis,
371 2980 474 3038 similis
488 2977 577 3056 fugae
593 2979 752 3038 videretur.

217 3069 328 3128 XLIV.
352 3067 436 3130 Haeo
463 3070 601 3146 cogitanti
629 3069 761 3128 aoeidere
790 3071 852 3128 visa
880 3080 923 3130 est
950 3069 1076 3130 ieoultas
1102 3069 1229 3132 beneito

180 3160 325 3237 gerendae
346 3161 416 3218 rei:u
443 3159 522 3218 Nam
543 3174 635 3235 quum
649 3161 761 3218 minora
775 3161 805 3218 in
819 3172 917 3220 eastra
930 3163 1025 3239 operis
1040 3163 1175 3240 perspici·

180 3249 246 3308 endi
269 3269 361 3308 eausa
385 3251 520 3319 venisset,
547 3249 749 3310 animadvertit
776 3250 888 3322 nollem,
901 3253 962 3329 ¹qui
986 3253 1026 3308 ab
1048 3252 1178 3309 hostibus

180 3340 339 3410 tenebatur,
361 3339 502 3398 nudatum
523 3339 695 3410 hominibus,
716 3341 767 3416 qui
788 3341 986 3420 superioribus
1005 3340 1108 3397 diebus
1128 3338 1178 3396 vix

181 3445 249 3505 prae
272 3429 463 3510 multitudine.
479 3430 560 3488 cerui
582 3438 703 3505 poterat.
746 3429 919 3488 Admiratus
932 3431 1046 3505 quaerit
1063 3445 1099 3484 ex
1114 3443 1177 3501 per-

181 3516 257 3596 fugis
281 3537 411 3588 oausam,
436 3537 560 3595 quorum
581 3537 709 3596 magnus
733 3519 769 3576 ed
793 3539 861 3578 eum
884 3517 1011 3594 quotidie
1038 3527 1179 3571 numerus
1193 3519 1230 3574 35

180 3609 355 3666 confluebat.
391 3608 546 3666 Constabat
560 3610 636 3666 inter
649 3625 757 3677 omnes,
770 3607 847 3684 quod
858 3609 919 3683 jam
932 3607 995 3680 ipse
1006 3603 1117 3660 Caesar
1127 3616 1180 3692 per

180 3698 375 3773 exploratores
386 3707 568 3774 eognoverat,
580 3699 697 3755 dorsum
711 3717 775 3754 esse
785 3695 850 3769 ejus
861 3695 926 3770 jugi
941 3709 1027 3768 prope
1042 3707 1179 3766 aequum,

180 3786 230 3844 sed
251 3789 306 3846 lrao
328 3787 461 3846 silvestre
482 3799 511 3850 et
529 3797 695 3865 angustum,
710 3801 769 3860 qua
785 3792 862 3840 esset
883 3781 978 3838 aditus
999 3779 1035 3837 ad
1058 3781 1181 3838 alteram

179 3877 275 3954 oppidi
298 3886 432 3956 partem:
453 3879 523 3948 huin
544 3879 610 3936 loeo
626 3875 814 3934 vehementer
834 3870 899 3930 illos
919 3871 1031 3943 timere,
1046 3871 1180 3952 beqjam
1211 3901 1215 3908 ·

650 3963 705 4024 ta·
