2804 4312
187 275 232 334 2⁰
543 283 586 328 nn
605 281 709 328 annac
728 281 871 328 cataroe
1035 245 1055 272 ‘'
1074 265 1223 338 [ariera

239 421 346 498 cipere,
366 441 425 480 ¹non
446 421 524 490 dere,
543 421 727 478 consuerint:
749 419 813 495 ejus
834 419 876 476 rei
897 417 1040 496 Populum
1060 417 1224 478 Romanum

240 529 303 568 esse
317 519 437 579 testem.-

280 599 347 656 XV.
369 599 435 657 Hoc
450 617 584 676 responso
604 599 678 669 dato,
699 598 839 658 discessit.
882 597 997 656 Postero
1017 598 1064 655 die
1078 607 1174 664 castra
1187 617 1225 656 ex

239 708 275 746 eo
288 688 351 746 loco
370 699 502 746 movent:
524 688 601 746 idem
622 687 691 746 facit
711 688 839 760 Caesar3
861 688 1081 763 equitatumque
1101 705 1224 755 omnem,

204 787 228 842 ,ὃ
241 778 277 835 ad
297 795 452 836 numerum
474 788 598 855 quatuor
617 778 751 847 millium,
774 795 861 853 quem
875 795 912 834 ex
925 778 1004 834 omni
1025 776 1178 836 Provincia
1197 786 1227 834 et

241 867 354 925 Aeduis
368 877 455 944 atque
469 886 570 926 eorum
591 869 676 926 sociis
696 877 830 926 coactum
852 865 983 935 habebat,
999 867 1161 942 praemittit,
1176 866 1227 941 qui

241 957 365 1028 videant,
388 977 462 1033 quas
483 959 514 1014 in
537 968 632 1034 partes
653 958 748 1016 hostes
770 957 825 1014 iter
851 955 969 1014 iaciant.
1012 955 1072 1020 Qui
1093 955 1227 1030 cupidius

240 1049 429 1106 novissimum
450 1066 555 1124 agmen
577 1047 710 1117 insecuti,
725 1047 819 1104 alieno
840 1045 903 1104 loco
923 1063 990 1102 cum
1012 1045 1142 1119 equitatu
1156 1043 1226 1102 Hel-

242 1139 384 1201 vetiorum
398 1139 540 1214 proelium
552 1138 753 1195 committunt:
775 1145 803 1194 et
823 1135 911 1212 pauci
931 1135 967 1192 de
990 1133 1095 1192 nostris
1108 1133 1226 1191 cadunt.

192 1235 230 1288 10
241 1226 309 1292 Quo
323 1227 431 1303 proelio
444 1227 552 1286 sublati
573 1225 711 1295 Helvetii,
726 1225 802 1301 qnod
822 1224 988 1300 quingentis
1008 1224 1153 1299 equitibus
1167 1233 1227 1280 tan-

241 1326 301 1377 tam
321 1317 535 1376 multitudinem
549 1318 679 1392 equitum
694 1315 887 1392 propulerant,
903 1313 1043 1372 audacius
1063 1313 1227 1382 subsistere,

241 1425 449 1484 nonnunquam
464 1426 500 1464 ex
514 1408 668 1466 novissimo
689 1407 804 1482 agmine
826 1403 934 1481 proelio
955 1412 1064 1460 nostros
1084 1402 1228 1463 lacessere

242 1507 408 1571 coeperunt.
450 1497 559 1554 Caesar
573 1516 640 1554 suos
656 1495 791 1570 eproelio
799 1493 971 1562 continebat,
984 1511 1019 1550 ao
1030 1492 1099 1548 satis
1107 1491 1229 1548 habebat

242 1585 449 1658 inpraesentia
471 1585 580 1640 hostem
602 1584 721 1658 rapinis,
735 1582 974 1658 pabulationibus,
990 1579 1229 1660 populationibus·

193 1679 229 1732 15
242 1689 299 1746 que
314 1672 475 1747 prohibere.
517 1672 561 1728 lta
575 1673 636 1728 dies
650 1673 766 1728 circiter
779 1669 944 1745 quindecim
964 1670 1172 1738 iterfecerunt,
1188 1669 1229 1727 uti

242 1762 318 1818 iuter
331 1761 517 1816 novissimum
540 1761 662 1818 hostium
685 1777 799 1834 agmen,
821 1767 850 1816 et
870 1769 999 1816 nostrum
1021 1761 1154 1836 primum,
1174 1777 1231 1816 uun

243 1849 368 1925 amplius
381 1849 478 1923 quinis
492 1858 543 1906 eut
556 1849 633 1904 senis
648 1849 776 1907 millibus
790 1839 929 1923 passuum
943 1849 1103 1906 interesset.

280 1938 365 1996 XVI.
389 1938 506 1996 Interim
529 1937 653 2012 quotidie
675 1937 784 1994 Caesar
806 1937 925 1994 Aeduos
948 1936 1134 2006 frumentum,
1156 1937 1232 2012 quod

243 2037 338 2088 essent
352 2027 467 2104 publice
485 2026 614 2102 polliciti,
636 2026 785 2102 flagitare:
807 2045 875 2082 nam
896 2037 1010 2102 propter
1025 2026 1141 2102 frigora,
1156 2027 1232 2104 quod

191 2123 230 2178 20
244 2118 342 2176 Gallia
363 2117 418 2174 sub
441 2116 699 2192 septemtrionibus,
715 2125 746 2172 ut
770 2125 837 2172 ante
856 2115 975 2190 dictum,
990 2117 1080 2191 posita
1102 2125 1153 2185 est,
1176 2135 1232 2174 non

243 2208 327 2266 modo
348 2207 491 2264 frumenta
512 2207 542 2262 iu
564 2207 642 2282 agris
662 2215 777 2262 matura
799 2223 856 2264 non
881 2205 1049 2273 erauesed
1073 2221 1109 2262 ne
1133 2207 1232 2283 pabuli

243 2299 360 2375 quidem
381 2299 451 2355 setis
471 2315 578 2373 magna
598 2299 681 2372 copia
703 2295 891 2373 suppetebat:
913 2314 947 2352 eo
961 2304 1058 2352 autem
1079 2294 1231 2368 frumento,

243 2387 319 2465 quod
334 2387 452 2446 flumine
467 2387 556 2444 Arari
570 2387 693 2444 navibus
712 2386 896 2454 subvexerat,
911 2394 1061 2460 propterea
1081 2385 1176 2443 miuus
1190 2388 1234 2444 uti

244 2487 361 2557 potarat,
386 2477 461 2553 quod
481 2478 536 2534 iter
565 2477 601 2533 ab
622 2476 712 2539 Arari
736 2473 864 2532 Helvetii
890 2483 1061 2544 averterant,
1087 2477 1234 2552 aquibus

191 2575 231 2630 25
244 2569 392 2628 discedere
413 2567 538 2626 nolebat.
580 2565 665 2624 Diem
689 2585 727 2624 ex
751 2565 798 2624 die
826 2564 933 2624 ducere
955 2564 1074 2637 Aedui;
1097 2565 1232 2636 conferri,

244 2659 424 2735 comportari,
437 2657 537 2716 adesse
560 2656 668 2715 dicere.
711 2655 768 2714 Ubi
782 2674 814 2712 se
828 2653 937 2712 diutius
951 2653 1021 2712 duci
1040 2655 1190 2725 intellexit,
1205 2665 1234 2712 st

245 2749 321 2807 diem
334 2749 450 2815 instare,
464 2765 522 2821 quo
543 2746 590 2802 die
611 2745 790 2804 frumentum
809 2743 948 2802 militibus
968 2745 1063 2803 metiri
1083 2754 1232 2819 oporteret,

244 2836 410 2892 convocatis
431 2853 532 2892 eorum
554 2834 742 2910 principibus,
765 2851 889 2908 quorum
910 2851 1048 2910 magnam
1070 2834 1182 2910 copiam
1203 2836 1234 2892 in

245 2925 348 2983 castris
362 2925 493 2993 habebat,
508 2926 538 2982 in
552 2925 597 2980 his
611 2923 756 2983 Divitieco
777 2935 806 2984 et
819 2925 916 2994 Lisco,
931 2925 982 3000 qui
995 2941 1108 2982 summo
1128 2926 1233 3001 magis·

194 3017 232 3072 8⁰
245 3023 322 3072 tratu
345 3022 484 3090 praeerat,
514 3014 613 3088 (quem
638 3013 852 3090 vergobretum
880 3013 1025 3090 appellant
1049 3013 1157 3082 Aedui,
1182 3016 1234 3089 qui

245 3111 490 3160 creaturannuus
504 3101 622 3158 atritas
642 3103 778 3177 necisque
799 3105 829 3162 in
849 3123 917 3162 suos
939 3103 1024 3162 habet
1044 3103 1233 3178 potestatem)

245 3193 373 3268 graviter
385 3209 435 3247 eos
449 3198 576 3258 accusat,
590 3189 675 3264 quod,
689 3209 781 3266 quum
798 3211 892 3268 nsque
912 3193 980 3273 emi,
994 3209 1089 3267 neque
1104 3209 1141 3248 ex
1155 3194 1234 3268 agris

246 3283 322 3340 sumi
337 3290 438 3357 pomer,
450 3289 509 3338 tam
523 3282 686 3338 necessario
696 3290 832 3357 tempore,
842 3295 901 3345 tam
917 3284 1083 3360 propinquis
1097 3283 1232 3353 hostibus,

247 3374 283 3432 ab
305 3373 341 3430 ils
362 3389 419 3430 non
437 3373 623 3443 sublevetur;
646 3375 814 3447 praesertim
836 3391 936 3449 quum,
962 3391 1069 3450 magna
1091 3391 1129 3430 ex
1154 3384 1234 3449 parts

194 3465 233 3522 85
246 3482 347 3522 eorum
369 3461 509 3538 precibus·
525 3461 675 3530 adductus,
699 3462 808 3519 bellum
830 3466 1011 3539 susceperit3
1033 3463 1124 3522 multo
1146 3465 1234 3522 etiam

246 3554 374 3630 gravius,
389 3551 465 3628 quod
478 3553 515 3608 sit
529 3550 691 3620 destitutus,
706 3553 849 3626 queritur.

287 3641 383 3700 XVII.
406 3641 485 3699 Tum
507 3639 633 3704 demum,
647 3640 762 3710 Liseus,
777 3641 904 3698 oratione
927 3641 1061 3702 Caesaris
1083 3643 1233 3711 adductus,

246 3731 322 3804 quod
336 3742 421 3790 antea
429 3741 567 3802 tacuerat,
578 3729 722 3808 proponit:
738 3729 811 3788 Esse
826 3729 987 3801 nonnullos,
999 3743 1123 3805 quorum
1137 3741 1233 3790 aucto-

248 3821 317 3876 ritss
331 3822 406 3897 apud
421 3822 531 3897 plebem
547 3823 702 3898 plurimum
717 3821 832 3894 valeat;
855 3821 905 3896 qui
920 3822 1023 3896 privati
1037 3822 1104 3905 plus
1118 3821 1233 3895 possim,

1235 1901 1244 1928 l
