2844 4340
202 305 262 368 154
546 311 590 360 DE
609 309 713 364 BELLO
729 309 873 358 Gannico
942 323 946 330 ·
1089 311 1157 365 [co.
1168 317 1246 368 inan.

250 454 346 512 dinem
360 453 533 520 deduxisset,
545 463 645 508 utnon
659 449 756 509 solum
769 450 799 506 in
809 447 964 524 pristinum
975 457 1084 508 statum
1098 449 1250 522 redissent,

250 543 299 602 sed
322 545 451 600 omnium
474 551 636 618 temporum
661 539 830 617 dignitatern
856 548 885 596 et
909 539 1035 614 gratiam
1061 543 1251 604 antecessisse

249 633 426 690 riderentur.
468 631 525 690 His
538 631 612 688 datis
627 629 777 698 mandatis,
793 647 842 686 eos
857 629 893 687 ab
906 647 939 686 se
953 628 1073 687 dimisit.

155 792 159 800 „
290 717 356 782 LV.
388 721 596 780 Noviodunum
627 730 690 778 erat
710 719 858 798 'oppidum
887 719 1069 788 Aeduorum,
1101 719 1139 778 ad
1170 721 1249 798 ripas

217 811 366 889 bLigeris
388 821 546 888 opportuno
571 811 634 868 loco
655 811 798 885 positum:
820 809 879 867 buc
900 807 1010 868 Caesar
1023 806 1123 868 omnes
1137 811 1249 871 obsides

250 902 376 972 Galliae,
387 901 580 969 frumentum,
592 901 748 976 pecuniam
762 899 919 974 publicam,
931 917 1050 960 snorum
1065 909 1152 976 atque
1165 919 1248 958 exer·
1282 913 1286 922 ’

249 992 325 1049 citus
355 991 625 1068 impedimentorum
655 1004 792 1065 magnam
824 997 937 1064 partam
970 988 1154 1048 contulerat:
1190 991 1249 1050 huo

249 1099 390 1157 magnum
404 1099 559 1138 numerum
573 1097 724 1154 equorum,
736 1078 825 1153 hujus
836 1078 905 1136 belli
916 1097 1016 1148 cursa,
1025 1080 1054 1136 in
1066 1078 1151 1138 Italia
1160 1090 1248 1156 atque

250 1169 398 1247 Hispania·
406 1180 579 1246 coemptum,
594 1169 723 1226 miserat.
766 1167 812 1226 Eo
828 1187 919 1243 quum
941 1169 1120 1245 Eporedorix
1133 1168 1247 1228 Virido-

200 1267 237 1322 10
251 1261 576 1338 murusque‘venissent,
596 1269 625 1316 et
644 1258 680 1316 de
701 1267 777 1316 statu
797 1259 923 1320 civitatis
944 1260 1153 1335 cognovissent,
1169 1259 1247 1320 Lita-

250 1352 348 1410 vicum
363 1351 498 1410 Bibracte
513 1351 550 1408 ab
565 1349 679 1408 Aeduis
700 1349 949 1425 receptumquod
964 1359 1007 1408 est
1020 1349 1156 1425 oppidum
1171 1349 1248 1428 apud

249 1459 297 1499 eos
311 1444 456 1501 maximae
470 1441 661 1508 auctoritatis,
676 1438 942 1498 Conuictolitauem.
951 1440 1153 1516 magistratum
1167 1459 1247 1518 mag.

249 1549 374 1607 namque
409 1541 519 1607 partem
554 1529 680 1592 Sanetus
707 1528 743 1586 ad
771 1547 838 1587 eum
867 1531 1045 1598 convenisse,
1074 1530 1186 1607 legatos
1210 1531 1248 1590 ad

248 1617 518 1698 Vercingetorigem
548 1619 585 1678 de
613 1639 686 1696 pace
714 1629 745 1676 et
772 1619 901 1680 amicitia
922 1619 1104 1680 concilianda
1131 1621 1248 1696 publice

199 1713 235 1768 15
249 1710 350 1766 missos
360 1729 369 1780 ;
392 1729 448 1767 non
464 1709 750 1786 praetermittendum
766 1719 878 1766 tantum
899 1709 1080 1768 commodum
1100 1712 1246 1770 existima·
1285 1754 1288 1772 1

248 1807 361 1854 verunt.
405 1797 514 1872 Itaque,
531 1797 690 1856 interiectis
711 1798 878 1858 Novioduni
899 1800 1075 1870 custodibus,
1090 1802 1198 1877 quique
1212 1819 1263 1861 eo·

247 1885 412 1963 negotiandi
434 1897 484 1944 aut
508 1887 619 1944 itineris
644 1905 737 1944 causa
755 1900 961 1960 convenerant,
984 1892 1138 1966 manniam
1159 1902 1247 1968 atque

248 1992 337 2052 equos
357 1975 431 2032 inter
451 1995 485 2033 se
505 1975 602 2050 partiti
622 1985 691 2034 sunt
703 1996 711 2048 3
745 1977 859 2039 obsides
880 1981 1031 2040 civitatum
1047 1981 1188 2042 Bibracte
1209 1982 1247 2042 ad

246 2068 449 2142 magistratum
472 2064 660 2124 deducendos.
676 2079 877 2142 curaverunt,-
900 2059 1046 2147 oppidum,
1059 2072 1135 2148 quod
1158 2073 1197 2130 ab
1213 2093 1246 2131 aa

195 2161 235 2214 tu
247 2151 415 2214 teneri'non
439 2175 521 2234 posse
540 2156 772 2231 judicabanaae
793 2161 843 2218 oui
864 2172 939 2220 esset
960 2163 1025 2220 usui
1040 2161 1187 2232 Romanis,
1203 2164 1245 2220 iu·

247 2246 428 2320 cenderunt3
453 2246 589 2304 frumenti
610 2247 686 2322 quod
707 2249 802 2308 subito
822 2260 984 2324 potuerunt,
1000 2252 1123 2310 neribus
1141 2271 1245 2312 arene·

247 2346 323 2406 runt,
339 2337 486 2413 reliquum
500 2337 620 2394 flumine
642 2347 735 2412 atque
751 2339 884 2398 incendio
905 2353 1117 2418 corruperunt3
1139 2344 1193 2418 ipsi
1208 2361 1245 2404 ex

139 2431 140 2434 ’
246 2425 376 2488 finitimis
398 2427 564 2506 regionibus
585 2428 683 2504 copias
704 2447 818 2506 cogere,
834 2429 977 2504 praesidia
991 2431 1193 2508 custodiasque
1207 2433 1245 2492 ad

246 2519 323 2594 ripas
332 2518 449 2596 Ligeris
458 2519 618 2595 disponere,
630 2522 848 2595 equitatumque
860 2520 993 2578 omnibus
1004 2521 1084 2598 lenis,
1095 2522 1245 2599 injiciendi

193 2617 232 2673 25
246 2611 355 2668 timoris
369 2629 468 2679 causa,
483 2619 626 2668 ostentare
639 2621 808 2685 coeperunt,
824 2609 849 2666 si
871 2607 907 2666 ab
928 2628 960 2668 re
982 2609 1174 2670 frumentaria
1187 2614 1243 2675 Re·

245 2715 345 2758 manos
359 2701 525 2770 exeludere,
542 2709 591 2758 eut
606 2699 749 2758 adductos
759 2699 856 2774 inopia
876 2717 913 2756 ex
934 2702 1083 2776 provincia
1097 2703 1244 2778 expellere

245 2799 372 2862 possent.¹
412 2790 511 2854 Quam
526 2789 562 2846 ad
577 2809 658 2866 spem
671 2789 797 2861 multum
811 2807 861 2848 eos
875 2788 1039 2864 adjurabat,
1053 2793 1132 2867 quod
1152 2792 1244 2872 Liger

245 2893 281 2930 ex
301 2877 417 2940 nivibus
438 2888 579 2948 creverat,
596 2887 628 2937 ut
647 2881 763 2938 omnino
778 2877 852 2939 rado
864 2894 921 2936 non
936 2898 1018 2955 posse
1032 2883 1150 2941 transiri
1165 2885 1242 2942 vide.

245 2973 335 3018 retur.
935 3009 938 3014 .
1227 3003 1231 3013 .

193 3061 231 3116 30
284 3048 366 3107 LVI.
399 3051 517 3115 Quibus
543 3055 629 3116 rebus
657 3060 790 3136 cognitis,
815 3061 926 3120 Caesar
953 3061 1158 3124 maturandum
1187 3064 1241 3125 sibi

244 3139 367 3207 censuit,
387 3137 412 3196 si
435 3151 510 3198 esset
534 3143 563 3200 in
587 3148 771 3219 perficiendis
795 3152 927 3226 pontibus
955 3151 1186 3228 periclitandum,
1210 3164 1241 3214 ut

244 3229 333 3304 prius,
358 3247 447 3304 quam
471 3241 567 3290 essent
595 3236 719 3310 majores
744 3257 778 3298 eo
802 3251 922 3300 coactae
945 3243 1054 3318 copiae,
1077 3242 1239 3307 dimicaret,

243 3317 326 3379 Nam
347 3329 378 3378 ut
400 3329 575 3380 commutato
595 3326 714 3386 oonsilio
735 3329 789 3386 iter
808 3331 837 3388 iu
853 3332 1036 3392 Provinciam
1049 3343 1240 3404 converteret,

243 3409 574 3489 (idnemotunoquidem
586 3417 750 3474 necessa-rio
762 3417 1240 3500 faciundumexietimabatqquum

191 3513 229 3568 ³5
243 3500 364 3560 infamia
390 3511 477 3578 atque
499 3500 655 3576 indignitas
670 3506 731 3574 rei,
758 3518 786 3567 et
806 3513 956 3586 oppositus
984 3529 1065 3570 mons
1092 3512 1239 3583 Cerauno,

242 3587 415 3669 viarumque
428 3589 584 3650 difficultas
598 3591 778 3670 impediebat,
788 3605 850 3655 turn
866 3601 1002 3672 maxime,
1014 3602 1089 3678 quod
1104 3600 1241 3679 abjuncto

243 3681 381 3754 Labieno,
397 3693 482 3759 atque
497 3684 533 3740 iis
548 3683 719 3760 legionibus,
735 3704 808 3760 quas
829 3706 888 3747 una
910 3692 1038 3762 miserat,
1054 3692 1240 3753 vehementer

241 3772 368 3828 timebat.
411 3773 521 3848 ltaque,
551 3773 704 3831 admodum
739 3778 852 3852 magnis
885 3779 998 3838 diurnis
1032 3785 1239 3860 nocturnisque

241 3857 393 3915 itineribus
416 3861 563 3930 confectis,
588 3871 689 3920 eontra
711 3865 841 3920 omnium
862 3867 1026 3941 opinionem
1048 3869 1083 3928 ed
1107 3869 1238 3950 Ligerim
