2830 4326
206 287 263 332 cn.
275 291 310 340 rt
321 263 368 336 asi
590 281 686 330 menn
703 285 878 334 emortuus.
1218 288 1260 346 55

246 421 391 482 XXXIV.
415 421 527 480 Eodem
547 431 674 499 tempore
689 443 707 480 a
728 423 760 480 P.
777 423 891 498 Crasso,
906 443 993 502 quern
1008 446 1075 488 oum
1094 429 1207 509 legione

204 535 264 573 una
291 514 413 571 miserat
442 509 477 569 sd
507 511 644 582 Venetos,
672 512 803 584 Unellos,
833 513 982 588 Osismios,
1007 518 1204 594 Coriosolitas,

203 605 351 674 Sesuvios,
367 601 524 672 Aulercos,
540 601 703 674 Rhodones,
714 623 789 680 quae
803 615 871 664 suut
885 608 1047 668 maritimae
1061 609 1203 682 civitates,

203 713 407 772 oooenumque
422 693 576 772 attingunt,
592 693 698 750 certior
718 693 811 753 foetus
825 705 877 767 est,
892 717 993 757 omnes
1007 719 1057 758 eos
1071 701 1205 760 civitates

203 786 385 844 inditionem
401 793 627 860 potestatemque
642 782 743 861 Populi
758 785 882 845 Romani
893 807 956 848 esse
971 789 1113 850 mdaetas.
1216 799 1235 852 5

244 875 373 934 XXXV.
395 873 452 931 His
466 873 554 931 rebus
567 874 665 950 gestis,
680 876 758 934 omni
778 875 878 938 Gellia
892 889 1004 956 paoem,
1019 890 1100 941 tent·
1114 881 1203 958 hujus

203 966 272 1024 belli
296 963 332 1022 od
358 963 497 1022 barbaros
521 963 616 1040 opinio
640 963 822 1040 perlustrent,
844 969 887 1025 uti
908 969 944 1026 sb
965 970 1010 1028 his
1028 971 1201 1043 nationibus,

203 1075 278 1133 quse
304 1066 385 1114 trous
411 1052 548 1111 Rhenum
572 1053 739 1125 ineolerent,
758 1057 939 1116 mitterentur
961 1059 1050 1136 legati
1071 1061 1107 1119 erl
1128 1061 1201 1120 Coe-

203 1166 308 1217 summ,
329 1165 408 1222 quoe
428 1163 460 1204 se
480 1143 593 1203 obsides
606 1143 734 1215 daturus,
756 1146 898 1222 imperate
922 1147 1060 1220 fecturus,
1084 1150 1201 1226 pollioe-

202 1249 320 1297 rentur:
343 1256 417 1313 quos
431 1236 591 1314 legationes
603 1235 723 1307 Caesar,
732 1237 808 1314 quod
822 1238 853 1294 in
868 1236 982 1296 ltaliam
991 1239 1205 1316 Illyricumque·
1217 1239 1255 1296 to

201 1329 383 1407 properabat,
399 1328 471 1385 initu
492 1328 622 1403 proximo
637 1337 755 1399 aestate,
771 1327 807 1386 od
828 1347 859 1386 se
874 1330 981 1386 reverti
999 1330 1095 1406 jussit.
1137 1329 1203 1406 Ipso

200 1423 231 1478 in
254 1421 410 1489 Carnutes,
426 1417 536 1487 Andes,
552 1417 754 1494 Turonesque,
776 1437 852 1494 quse
872 1418 1005 1478 oivitotes
1025 1419 1202 1497 propinquae

203 1511 249 1569 his
269 1511 345 1569 loeis
372 1517 457 1567 erunt
478 1509 528 1566 ubi
548 1508 659 1568 bellum
678 1519 818 1587 gesserat,
840 1509 1001 1587 legionibus
1022 1511 1053 1568 in
1080 1511 1202 1571 hiberno

199 1601 342 1670 deductis,
363 1600 394 1656 iu
415 1597 531 1670 Italiam
552 1597 698 1674 profectus
718 1609 779 1674 est3
802 1601 838 1660 ob
852 1618 960 1678 eosque
981 1594 1037 1674 res,
1052 1619 1088 1660 ex
1109 1599 1201 1660 literis

197 1692 345 1762 Caesaris,
361 1689 424 1748 dies
438 1707 480 1748 xv
491 1688 663 1766 supplioetio
676 1689 794 1752 deorete
806 1700 858 1764 est,
870 1691 946 1770 quod
961 1701 1027 1754 ante
1041 1691 1072 1752 id
1085 1701 1200 1770 tompus
1215 1695 1252 1752 15

197 1783 305 1844 oooidit
319 1780 409 1842 nulli.
