2804 4312
215 295 258 354 76
566 299 611 348 Du
629 299 734 347 nuato
752 297 894 344 caturco
1096 295 1164 350 [Car.
1175 301 1252 350 latit.

265 439 387 496 transire
409 437 594 508 decreverat:
617 435 667 492 sed
684 436 807 492 navibus
827 435 949 492 transire
970 439 1063 506 neque
1078 434 1146 489 satis
1160 438 1256 490 tutum

265 545 328 584 esse
340 527 541 594 arbitrabatur,
551 543 645 600 neque
659 543 739 593 suae,
749 543 843 598 neque
859 523 959 598 Populi
975 521 1098 578 Romani
1109 521 1256 598 dignitatis

263 634 328 672 esee
340 615 491 672 statuebat.
532 613 642 689 ltaque,
657 613 710 670 etsi
724 630 837 668 summa
852 611 1007 668 difficultas
1022 609 1146 667 faciendi
1162 611 1256 686 pontis

265 704 474 779 proponebatur
490 711 602 777 propter
619 699 809 768 latitudinem,
820 699 1008 774 rapiditatem,
1019 698 1255 772 altitudinemque

231 791 401 860 &fluminis
416 800 512 847 tamen
530 789 558 845 id
579 791 634 846 sibi
654 789 894 854 contendendum,
909 796 961 844 aut
982 787 1066 844 aliter
1085 805 1141 842 non
1163 795 1254 844 nans-

158 947 161 956 *
264 878 429 936 ducendum
457 878 617 934 exercitum
641 877 831 932 existimabat.
874 875 1026 932 Rationem
1051 875 1139 950 igitur
1163 875 1256 950 pontis

264 965 340 1024 haue
364 967 495 1022 instituit.
538 965 636 1040 Tigna
658 965 725 1020 bina
749 963 969 1040 sesquipedalia,
995 963 1114 1039 paulurn
1137 963 1173 1028 ab
1197 964 1256 1020 imo
1302 975 1310 981 ‘

265 1065 430 1128 praeacuta,
446 1054 576 1112 dimensa
590 1053 627 1108 ad
640 1052 819 1110 altitudinem
834 1053 970 1120 fluminis,
986 1051 1135 1108 intervallo
1150 1051 1256 1126 pedum

265 1141 387 1198 duorum
401 1143 476 1200 inter
488 1161 520 1198 se
531 1141 681 1216 jungebat.
723 1140 808 1202 Haec
822 1159 911 1215 quum
926 1139 1183 1199 machinationibus
1203 1141 1254 1196 im·

216 1239 253 1294 ιο
266 1229 353 1286 missa
367 1231 398 1285 in
412 1231 519 1288 flumen
534 1229 682 1298 defixerat,
698 1229 867 1302 fistucisque
889 1228 1034 1304 adegerat,
1049 1245 1105 1284 non
1126 1228 1255 1284 sublicae

265 1317 348 1374 modo
370 1318 482 1376 directa
506 1317 542 1374 ad
563 1317 811 1392 perpendiculum,
829 1316 879 1372 sed
900 1334 989 1391 prona
1010 1335 1044 1372 ac
1066 1315 1208 1391 fastigata,
1224 1324 1256 1372 ut

265 1405 426 1462 secundum
440 1417 574 1462 naturam
589 1405 715 1460 fluminis
729 1405 965 1479 procumberent:
981 1405 1016 1460 iis
1030 1405 1099 1460 item
1113 1404 1256 1465 contraria

266 1493 343 1561 bina,
359 1494 533 1550 adeundam
553 1493 668 1548 modum
687 1492 798 1565 juncta,
814 1492 965 1548 intervallo
980 1492 1086 1566 pedum'
1097 1491 1254 1567 quadrage·

264 1595 345 1646 num,
360 1580 396 1634 ab
410 1579 544 1636 inferiore
562 1589 652 1652 parte,
667 1587 768 1635 contra
782 1579 841 1634 vim
862 1588 949 1652 atque
969 1581 1107 1653 impetum
1129 1580 1256 1636 fluminis

213 1677 252 1732 15
265 1681 405 1720 conversa
418 1666 571 1722 statuebat.
614 1663 697 1722 Haec
712 1673 833 1736 utraque
844 1666 962 1738 insuper
977 1665 1155 1738 bipedalibus
1170 1668 1256 1726 trabi-

265 1750 318 1805 bus
343 1751 485 1820 immissis,
510 1759 649 1823 quantum
674 1769 774 1805 eorum
797 1752 941 1824 tignorum
963 1753 1101 1825 junctura
1122 1751 1256 1825 distabat,

264 1836 339 1892 binis
353 1838 488 1911 utrinque
501 1836 599 1893 fibulis
613 1837 649 1892 ab
662 1845 793 1893 extrema
807 1847 896 1911 parte,
907 1839 1133 1896 distinebantur:
1149 1843 1257 1916 quibus

264 1916 406 1991 disclusis,
430 1934 515 1998 atque
539 1924 569 1978 in
591 1925 765 1983 contrariam
787 1935 901 1999 partem
924 1928 1069 1996 revinctis,
1091 1939 1172 1986 tanta
1193 1942 1257 1989 erat

263 2010 356 2084 operis
378 2010 531 2080 firmitudo,
547 2021 632 2085 atque
653 2030 689 2068 ea
709 2030 808 2070 rerum
828 2023 942 2083 natura,
958 2025 998 2083 ut,
1020 2034 1077 2090 quo
1097 2017 1190 2092 major
1212 2021 1256 2076 vis

208 2113 250 2166 ξω
265 2113 357 2171 aquae
371 2117 402 2154 se
417 2099 603 2167 incitavisset,
618 2100 674 2156 hoo
695 2102 803 2158 arctius
822 2101 936 2178 illigata
949 2113 1127 2162 tenerentur.
1170 2107 1255 2169 Haec

263 2185 372 2244 directa
387 2188 505 2244 materie
519 2187 625 2262 injecta
636 2190 868 2259 contexebantur,
879 2202 907 2248 et
918 2191 1058 2267 longuriis
1068 2195 1255 2270 cratibusque

263 2275 535 2332 consternebantur:
557 2295 592 2332 ae
609 2277 703 2334 ¹nihilo
724 2279 822 2348 secius
842 2279 972 2336 sublicae
987 2290 1015 2337 et
1030 2281 1066 2339 ad
1087 2281 1255 2342 inferiorem

260 2373 373 2440 partem
385 2365 511 2432 fluminis
519 2365 634 2438 oblique
646 2366 815 2442 agebantur,
825 2387 901 2442 quae
916 2387 967 2443 pro
978 2371 1086 2444 pariete
1095 2372 1253 2446 subjectae,
1318 2423 1323 2430 .

264 2460 374 2511 etcum
388 2453 465 2508 omni
485 2471 572 2528 opere
593 2454 774 2528 conjunctae,
790 2456 849 2514 vim
870 2457 997 2514 fluminis
1021 2460 1205 2534 exciperent:
1225 2471 1255 2518 et

208 2551 250 2608 ω
265 2539 340 2598 aliae
354 2541 421 2600 item
435 2557 522 2616 supra
533 2551 645 2616 pentem
657 2542 793 2602 mediocri
808 2545 906 2619 spatio,
917 2556 956 2614 ut,
967 2546 991 2602 si
1003 2547 1138 2604 arborum
1149 2550 1253 2618 trunci,

264 2629 325 2686 sive
349 2648 448 2700 naves,
471 2630 624 2706 dejiciendi
648 2631 743 2706 operis
765 2643 860 2688 essent
882 2653 901 2689 a
923 2634 1053 2692 barbaris
1073 2637 1188 2706 missae,
1207 2637 1254 2695 bis

263 2715 462 2776 defensoribus
476 2738 577 2777 aarum
589 2737 685 2776 rerum
696 2719 739 2774 vis
750 2721 938 2790 minueretur,
950 2740 1007 2778 neu
1019 2724 1096 2796 ponti
1106 2735 1252 2782 nocerent.

259 2829 263 2836 ¹
304 2805 415 2862 XVHI.
438 2805 549 2864 Diebus
569 2807 680 2876 decern,
697 2809 803 2880 quibus
827 2811 946 2866 nrateria
967 2820 1068 2884 coepta
1092 2821 1155 2870 erat
1177 2831 1252 2868 com·
1342 2863 1345 2877 ,

262 2893 380 2962 portari,
395 2893 472 2948 omui
492 2911 577 2966 opere
598 2893 709 2963 effecto,
724 2896 869 2952 exercitus
890 2897 1094 2956 transducitur.
1135 2900 1252 2968 Caesar,

207 2975 301 3040 acad
324 2985 475 3050 utramque
498 2989 608 3052 partem
631 2984 724 3054 pontis
746 2983 828 3040 firmo
849 2985 990 3059 praesidio
1012 2987 1121 3056 relicto,
1137 2988 1166 3043 in
1177 2987 1253 3052 ,fines

264 3060 482 3136 Sigambrorum
504 3068 658 3124 contendit.
701 3070 820 3131 Interim
834 3091 852 3129 a
865 3074 1062 3148 compluribus
1087 3073 1254 3132 civitatibus

265 3147 302 3204 ad
312 3166 379 3204 eum
391 3149 479 3223 legati
489 3153 615 3222 veniunt,
625 3157 730 3228 quibus
745 3179 846 3234 pacem
861 3171 947 3236 atque
962 3164 1120 3222 amicitiam
1135 3165 1252 3238 petenti·

266 3234 319 3292 bus
334 3235 491 3293 liberaliter
512 3242 663 3314 respondit,
678 3245 847 3323 obsidesque
863 3249 898 3304 ad
913 3269 944 3306 se
959 3251 1064 3308 adduci
1076 3251 1169 3325 jubet.
1212 3253 1254 3308 n:

264 3320 418 3398 Sigambri‚
433 3342 469 3380 ex
484 3344 518 3381 eo
532 3335 658 3400 tempore
679 3349 737 3405 quo
757 3352 828 3407 pons
850 3337 960 3394 institui
981 3348 1098 3412 coeptus
1113 3348 1165 3408 est,
1182 3338 1253 3416 suga

210 3419 251 3477 85
265 3419 438 3486 comparata,
454 3411 632 3470 hortantibus
642 3416 692 3486 iis,
707 3438 779 3492 quos
793 3441 829 3478 ex
845 3423 1037 3482 Tencbtberis
1051 3426 1253 3500 atque'Usipe·

264 3497 341 3554 tibus
364 3499 439 3572 apud
463 3518 494 3556 se
519 3500 671 3571 habebant,
698 3505 804 3564 finibus
831 3512 892 3566 suis
919 3524 1112 3581 excesserant,
1141 3533 1252 3589 suaque

263 3587 359 3728 tqqqqnia
387 3597 616 3662 exportaverant,
644 3609 732 3666 seque
754 3594 784 3650 in
810 3597 996 3656 solitudinem
1024 3619 1059 3658 ae
1087 3601 1177 3660 silvas
1206 3604 1253 3660 ab·

312 3682 405 3730 erant.

304 3757 384 3816 XIX.
407 3761 525 3834 Caesar,
540 3784 648 3842 paucos
668 3767 730 3828 dies
749 3770 779 3828 iu
800 3790 901 3832 eorum
922 3773 1029 3834 tinibus
1040 3786 1180 3846 moratus,
1193 3733 1253 3834 om·
