2844 4340
175 223 217 282 Μ
526 231 570 276 na
588 196 693 278 annno
712 231 861 278 cantico,
1057 231 1210 284 [cnara

268 311 420 424 XXXVII.
443 366 558 430 Quibus
571 385 607 424 ex
621 367 742 424 naviIrus
756 385 846 442 quum
860 376 955 422 escant
968 365 1088 440 expositi
1105 365 1212 422 milites

227 456 410 524 abnuerent,
420 465 505 530 atque
516 457 545 512 in
555 465 650 515 castra
661 455 871 523 contenderent,
884 453 997 522 Morini,
1009 471 1081 528 quos
1091 453 1210 521 Caesar,
1312 452 1318 459 ’

227 546 258 602 ln
277 545 456 606 Britanniam
477 545 669 620 proficiscens,
693 553 807 619 pacatos
829 544 993 616 reliquerat,
1015 561 1065 616 spe
1087 541 1212 616 praedae

228 633 352 704 adducti
362 635 452 708 primo
465 651 523 690 non·
535 633 575 691 ita
583 651 687 708 magno
697 649 814 688 auorum
822 649 942 688 numero
951 631 1210 697 circumsteterunt,

196 724 312 792 baasi
334 741 396 780 sese
419 721 542 780 interfici
564 722 680 790 nollent,
696 739 776 777 arma
796 739 900 796 ponera
912 719 1069 794 jusserunt.
1110 719 1213 782 Quum

227 811 271 868 illi
284 812 352 868 orbe
367 811 443 868 facto
456 830 519 868 sese
540 809 733 878 defenderent,
748 810 881 866 celeriter
895 809 930 877 ad
944 809 1102 868 clamorem
1116 807 1210 864 ,homi-

226 917 297 956 nurn
312 899 427 956 circiter
441 901 532 957 millia
541 919 573 956 vr
587 909 794 957 convenerunt.
823 899 891 963 Qua
905 915 935 954 ra
949 899 1096 966 nunciata,
1104 897 1214 954 Caesar

227 1005 341 1042 ornnem
368 1005 406 1044 ex
432 989 534 1044 castris
561 989 721 1062 equitatum
748 989 809 1044 suis
832 987 944 1044 auxilio,
967 986 1052 1042 misit.
1094 985 1212 1042 iuterim

227 1075 315 1132 nostri
329 1075 436 1132 milites
456 1077 594 1152 Impetum
615 1077 739 1134 hostium
759 1078 966 1144 sustinuerunt,
982 1086 1067 1150 atque
1088 1075 1214 1150 amplius

178 1171 215 1228 10
228 1164 304 1221 horis
325 1175 448 1240 quatuor
468 1165 618 1222 fortissime
641 1175 852 1240 pugnaverunt,
873 1175 911 1234 et,
932 1166 1032 1239 paucis
1046 1164 1214 1220 vulneribus

228 1255 363 1329 acceptis,
387 1256 550 1332 complures
571 1273 608 1312 ex
633 1255 668 1310 iis
688 1255 865 1312 occiderunt.
915 1253 1016 1310 Postea
1038 1271 1214 1326 veroquam

228 1344 374 1417 equitatus
396 1353 490 1402 noster
508 1343 540 1401 in
563 1352 748 1418 conspectum
760 1343 848 1410 venit,
871 1343 965 1400 hostes
987 1342 1106 1416 abjectis
1128 1341 1216 1396 armis

228 1440 310 1506 terga
323 1442 481 1500 verterunt,
493 1449 673 1506 magnusque
687 1449 788 1488 eorum
802 1449 941 1488 numerus
954 1439 997 1487 est
1010 1433 1133 1488 occicus.

269 1515 438 1576 XXXVIII.
461 1521 569 1576 Caesar
583 1527 693 1592 poetero
707 1518 753 1574 dic
768 1518 805 1572 T.
821 1517 985 1574 Labienum
999 1518 1128 1593 legatum
1147 1537 1216 1574 curn
1250 1583 1255 1592 .

180 1613 216 1666 15
229 1605 264 1662 iis
284 1605 455 1678 legionibus,
470 1625 542 1679 quas
564 1623 601 1660 ex
622 1605 769 1665 Britannia
794 1606 999 1686 redonaretur
1015 1605 1149 1673 Morinos,
1164 1607 1215 1679 qui

229 1691 414 1748 rebellionem
438 1693 575 1758 fecerant,
603 1693 709 1752 misit.¹
732 1693 793 1756 Qui
817 1706 906 1764 quum
935 1702 1048 1766 propter
1072 1694 1216 1750 siccitates

228 1777 448 1854 paludum,'quo
464 1800 496 1838 ae
518 1780 687 1854 reciperent,
701 1794 758 1836 non
779 1780 996 1852 haberentque
1017 1781 1147 1856 perfugio
1166 1802 1215 1840 su-

229 1868 339 1944 periore
354 1884 428 1924 anno
448 1867 561 1926 fuerant
582 1867 637 1934 usi,
658 1886 757 1924 omnes
779 1867 838 1924 fere
860 1869 890 1926 in
912 1879 1078 1944 potestatem
1093 1869 1216 1928 Labieni

229 1966 381 2020 venerunt,
422 1957 463 2013 At
477 1955 515 2020 Q.
531 1955 664 2012 Titurius
684 1965 712 2012 et
733 1955 770 2014 L.
785 1957 868 2014 Cotta
888 1957 985 2033 legati,
1000 1959 1050 2032 qui
1071 1960 1101 2014 ln
1115 1958 1215 2016 Meua-

179 2057 217 2113 πο
230 2046 341 2122 piorum
355 2044 428 2100 fines
442 2045 569 2120 legiones
581 2043 733 2114 duxerant,
745 2045 877 2102 omnibus
886 2063 986 2102 eurum
1000 2047 1079 2122 agris
1088 2048 1216 2116 vastetis,

231 2133 382 2191 frumentis
395 2135 525 2205 succisis,
540 2133 679 2192 aediliciis
692 2135 826 2204 incensis,
841 2135 916 2208 quod
928 2133 1099 2211 Menapilae
1115 2155 1216 2195 ornnes

231 2223 260 2278 in
274 2221 458 2280 densissimas
472 2223 561 2280 silvas
575 2223 750 2293 abdiderant,
766 2243 797 2283 se
812 2223 847 2280 ad
863 2224 1018 2282 Caesarem
1034 2235 1214 2301 receperunt.

231 2311 340 2371 Caesar
353 2313 382 2367 in
397 2312 495 2390 Belgis
516 2313 643 2370 omniurn
664 2313 810 2390 legionum
831 2315 951 2371 hiberna
975 2316 1129 2372 constituit.
1161 2315 1218 2372 Eo

231 2400 307 2457 duae
326 2403 448 2459 omniuo,
462 2402 593 2459 civitates
615 2421 651 2459 ex
666 2401 816 2461 Britannia
837 2403 959 2460 obsides,
971 2407 1128 2476 miserunt3
1151 2406 1217 2462 reli·

180 2503 219 2559 25
232 2509 307 2566 quac
322 2493 520 2568 neglexerunt.
549 2491 605 2548 His
615 2493 701 2550 rebus
709 2493 805 2570 gestis,
817 2512 853 2550 cx
863 2493 954 2552 literis
962 2494 1217 2563 Caesarisdierunr

232 2599 272 2638 xx
286 2581 456 2659 supplicatio
471 2602 488 2639 a
502 2591 603 2640 senatu
618 2581 733 2640 decreta
747 2592 799 2640 est.
