2804 4312
420 755 466 829 C.
496 755 636 830 JULII
667 757 908 834 CAESARIS

269 993 1048 1092 ouuuuuuuuiouun

367 1249 438 1313 DE
476 1250 662 1315 BELLO
697 1252 954 1317 GALLICO

552 1453 696 1512 LIBER
720 1455 773 1514 11.

436 1663 860 1678 ——d—-m

508 1813 825 1878 uaouuuuruus

191 1961 250 2008 Cur.
263 1959 283 2008 1.
310 1959 400 2024 Belgas
412 1973 496 2008 omues
508 1965 592 2008 contra
604 1957 722 2022 Populum
734 1959 872 2010 Romanum
884 1959 1025 2024 conjurant:
1043 1961 1092 2010 111.
1111 1977 1153 2010 ex·

161 2037 235 2098 captu
257 2035 348 2092 Remis,
372 2035 401 2084 V.
418 2035 511 2084 Caesar
525 2042 612 2084 ¹contra
628 2051 668 2084 eos
685 2037 817 2086 exercitum
836 2037 949 2087 Axonam
966 2035 1059 2086 flumen
1075 2043 1153 2086 traus-

161 2112 230 2160 ducit
272 2111 330 2160 Vll.
357 2111 463 2160 Bibracti
483 2111 574 2174 oppido,
596 2109 669 2162 v111.
686 2117 758 2174 utque
781 2114 839 2161 item
862 2111 892 2172 Q,
911 2111 1004 2161 Titurio
1023 2111 1112 2176 legato,
1138 2127 1154 2160 a

163 2185 241 2251 Belgis
261 2187 413 2252 oppugnatis,
430 2187 533 2235 subsidia
549 2188 628 2236 mittit
660 2185 690 2235 Χ.
708 2187 754 2244 Illi,
771 2190 858 2236 frustra
875 2189 923 2236 istis
940 2189 1154 2250 oppugnationibus

161 2265 265 2319 ῐῡιιῑεὶίε,
278 2264 310 2311 ad
321 2263 423 2311 tuendos
438 2279 494 2310 suos
510 2264 607 2324 quisque
627 2261 696 2320 fines,
717 2265 797 2326 copies
812 2265 953 2326 pariuntur.
986 2263 1046 2312 XII.
1062 2263 1154 2311 Caesar

161 2338 308 2388 discedentes
318 2341 449 2395 insecutus,
461 2339 609 2396 Suessiones,
626 2339 700 2388 Xlll.
710 2339 859 2396 Eollorucos,
876 2339 928 2388 XV.
945 2346 970 2388 et
981 2337 1114 2388 Ambianos
1129 2341 1154 2386 iu

161 2413 304 2464 deditionem
327 2415 428 2477 occepit
472 2413 540 2465 xvi.
567 2413 679 2472 Nervios,
701 2416 794 2464 fortiter
809 2430 836 2462 se
858 2415 1024 2471 defendentes,
1044 2413 1154 2462 deuolat„

161 2489 254 2543 xxlit
271 2492 336 2542 Item
348 2493 488 2542 Aduatioos

201 2628 224 2686 l.
248 2629 339 2696 Quuu
362 2646 437 2688 esset
457 2631 568 2690 Caesar
581 2631 611 2688 in
634 2631 768 2688 citeriore
790 2625 890 2686 Gallia
910 2629 940 2684 in
961 2626 1097 2695 hibernis,
1114 2625 1155 2684 ita

162 2720 202 2778 uti
217 2737 305 2796 supra
319 2719 587 2790 demonstravimus,
603 2721 698 2778 crebri
714 2719 749 2776 ud
769 2737 838 2776 curn
853 2735 983 2774 rumores
997 2714 1153 2774 affereban-

160 2817 216 2878 tur,
232 2808 380 2884 literisque
392 2811 459 2866 item
469 2809 593 2868 Labieni
608 2811 713 2867 certior
726 2809 823 2878 fiebat,
833 2825 932 2866 omnes
941 2807 1055 2884 Belgae,
1066 2825 1154 2884 quum

161 2897 274 2956 tertiam
289 2918 351 2956 esse
367 2897 483 2956 Galliae
505 2909 615 2975 purtem
637 2899 811 2968 dixeramus,
828 2907 928 2956 contra
942 2897 1083 2976 Populum
1098 2895 1152 2955 Ro-

161 3005 280 3044 rnanurn
294 2987 457 3062 conjurare,
472 2989 641 3064 obsidesque
656 2989 731 3046 inter
748 3008 779 3046 se
800 2987 888 3045 dare:
910 2987 1079 3064 conjurandi
1101 2988 1185 3048 hasb

160 3095 223 3133 esse
238 3095 360 3134 causas:
382 3078 516 3154 primurn,
532 3077 606 3152 quod
623 3088 801 3149 vererentur,
816 3095 862 3147 ne,
877 3079 954 3136 omni
966 3087 1069 3154 pacata
1083 3078 1152 3136 Gal·

160 3164 209 3234 lia,
234 3167 271 3222 ad
294 3186 343 3224 eos
366 3167 512 3224 exercitus
534 3176 631 3223 noster
653 3166 861 3226 adduceretur:
883 3167 994 3239 deinde,
1017 3165 1092 3244 quod
1117 3167 1153 3224 ab

160 3255 307 3314 nonnullis
332 3255 428 3314 Gallis
456 3255 689 3326 sollicitarentur,
715 3257 819 3334 partim
843 3258 903 3333 qui,
933 3267 965 3315 ut
993 3255 1154 3316 Germanos

160 3345 267 3402 diutius
281 3346 311 3402 in
333 3345 433 3402 Gallia
448 3346 558 3402 versari
580 3345 742 3417 noluerant,
757 3348 796 3403 ita
810 3345 913 3424 Populi
927 3345 1051 3403 Romani
1072 3363 1152 3404 exer-

160 3435 250 3491 citum
259 3435 388 3492 hiemare
404 3443 489 3510 utque
504 3435 715 3494 inveterascere
725 3437 754 3492 in
765 3435 863 3493 Gallia
873 3435 993 3492 moleste
1005 3433 1151 3502 ferebant3
1168 3439 1205 3494 10

160 3521 264 3600 partim
278 3524 329 3600 qui
344 3523 501 3582 mobilitate
516 3534 543 3581 et
564 3523 681 3584 levitate
703 3526 791 3582 animi
807 3525 888 3584 novis
909 3523 1037 3598 imperiis
1059 3519 1153 3576 stude-

160 3611 244 3669 bunt:
267 3613 305 3668 ab
318 3613 465 3670 nonnullis
479 3613 574 3683 etium,
589 3609 665 3691 quod
680 3615 709 3670 in
720 3612 818 3671 Gallia
827 3634 844 3672 a
854 3611 1059 3689 potentioribus
1069 3617 1154 3682 utque

159 3699 213 3769 his,
228 3701 278 3783 qui
293 3699 330 3758 ad
351 3701 552 3760 conducendos
573 3701 702 3762 homines
724 3702 878 3760 facultates
892 3697 1045 3766 habebant,
1067 3695 1156 3772 vulgo

159 3807 251 3868 regua
272 3791 499 3868 occupabantur,
522 3793 572 3868 qui
594 3793 690 3850 minus
713 3789 800 3850 facile
820 3805 887 3846 eum
910 3801 971 3842 rern
991 3784 1021 3842 in
1035 3783 1155 3864 irnperio

76 3939 79 3943 ,
158 3889 255 3938 nostro
269 3881 407 3955 consequi
421 3889 560 3956 poteraut.
1170 3881 1208 3938 lb

643 3969 677 4025 4*
