2830 4326
185 215 344 270 cumam
548 215 664 266 ,arnna
676 217 850 283 muscos
1192 223 1236 284 4⁹

184 354 294 430 copiisr
316 351 368 410 sed
379 353 454 410 ratio
465 351 591 430 ordoque
606 357 729 432 agminis
741 357 825 418 aliter
838 365 874 418 se'
883 359 1015 434 habebat,
1028 383 1063 422 ac
1073 363 1183 444 Belgae

183 443 220 500 ad
236 443 365 500 Nervios
380 442 556 501 detulerant.
599 445 688 515 Nam,
702 447 779 522 quod
801 449 836 506 ad
857 451 952 508 hostes
972 455 1181 531 appropinqua.

184 531 467 603 hacconsuetudine
481 553 536 592 sua
549 534 658 594 Caesar
672 557 723 594 sex
737 538 865 615 legiones
875 542 1025 618 'expeditas
1039 543 1180 605 ducebat:

183 633 247 700 post
260 643 312 682 eas
326 624 413 682 totius
434 626 581 684 exercitus
600 627 803 703 impedimenta
823 631 995 690 collocarat:
1017 634 1084 694 inde
1105 633 1181 694 duae

183 711 324 790 legiones,
349 733 425 790 quae
460 717 589 792 proxime
624 718 802 795 conscriptae
835 732 926 791 erant,
951 731 1043 780 totum
1075 735 1213 802 agmentt

183 802 369 874 claudebant,
382 804 582 880 praesidioque
595 807 805 882 impedimentis
815 820 908 868 erant.
943 811 1066 888 Equites
1079 816 1179 886 nostri,

183 911 254 951 oum
291 891 485 952 funditoribus
513 897 726 974 sagittariisque
761 899 868 958 flumen
903 906 1085 980 transgressi,
1110 924 1179 964 cum

184 981 310 1040 hostium
338 984 471 1058 equitatu
504 985 643 1062 proelium
678 989 893 1048 commiserunt.
945 991 1047 1057 Quum
1074 1013 1105 1051 se
1133 994 1178 1052 illi

185 1071 341 1129 identidem
356 1073 386 1130 in
405 1073 494 1132 silvas
515 1074 550 1132 ad
564 1093 631 1134 suos
646 1078 816 1156 reciperent,
832 1098 867 1136 ac
881 1098 982 1141 rursus
1003 1101 1039 1138 ex
1060 1075 1135 1140 silva
1147 1085 1178 1140 in

185 1172 296 1220 nostros
316 1163 457 1239 impetum
478 1163 616 1236 tacerent,
632 1185 726 1241 neque
741 1169 830 1226 nostri
850 1168 1230 1245 longius,qucmquem10

185 1251 221 1308 ad
235 1251 325 1309 finem
335 1263 469 1328 porrecta
482 1273 517 1312 ac
528 1255 593 1314 looa
607 1265 706 1332 aperte
716 1256 903 1332 pertinebant,
918 1257 1052 1314 cedentes
1065 1258 1179 1334 insequi

185 1340 342 1400 auderent:
363 1344 480 1402 interim
498 1344 626 1421 legiones
639 1364 701 1414 sex,
716 1363 792 1420 quae
807 1346 917 1420 primae
932 1354 1079 1413 venerant,
1094 1363 1178 1422 opere

183 1430 325 1500 dimenso,
338 1442 435 1490 casm
450 1435 564 1492 munire
579 1445 745 1509 coeperunt.
788 1433 846 1490 Ubi
866 1433 959 1508 prima
973 1433 1178 1508 impedimenta
1232 1461 1235 1468 ·

183 1521 274 1578 nostri
289 1523 434 1583 exercitus
448 1524 485 1579 ab
499 1523 552 1593 his,
568 1525 619 1600 qui
633 1524 665 1580 ia
678 1523 759 1583 silvis
778 1521 865 1578 abditi
877 1521 1013 1590 latebant,
1024 1523 1087 1580 visa
1099 1534 1175 1596 sunt,

184 1609 272 1694 (quod
293 1619 406 1690 tempus
426 1613 571 1670 intereos
589 1611 788 1672 committendi.
804 1610 906 1686 proelii
922 1613 1110 1691 convenerat)
1124 1615 1173 1686 ita,
1190 1615 1227 1672 15

185 1693 308 1760 ut'intra
321 1703 411 1760 silvas
425 1704 518 1760 aciem
532 1703 702 1776 ordinesque
717 1701 932 1772 constituerant,
941 1713 1030 1778 atque
1043 1705 1096 1780 ipsi
1110 1725 1174 1764 sese

184 1793 435 1864 confirmaverant,
457 1794 551 1852 subito
572 1792 704 1848 omnibus
725 1791 814 1866 copiis
835 1793 1065 1866 provolaverunt,
1085 1795 1173 1872 impe-

182 1890 302 1958 tumque
328 1883 358 1938 in
382 1892 492 1940 nostros
516 1883 627 1958 equites
649 1879 790 1936 fecerunt.
833 1879 888 1938 His
911 1881 997 1940 facilc
1022 1883 1113 1959 pulsis
1138 1903 1173 1943 ac

183 1972 366 2046 proturbatis,
378 1971 540 2030 incredibili
554 1969 700 2026 celeritate
716 1968 751 2025 ad
767 1969 874 2028 flumen
889 1971 1129 2043 decucurrerunt,
1141 1983 1174 2032 ut

184 2078 276 2135 paene
291 2079 350 2120 uno
364 2070 490 2136 tempore
503 2066 532 2114 et
546 2055 581 2112 ad
596 2056 684 2112 silves
698 2067 726 2114 et
739 2059 769 2114 in
783 2059 903 2117 flumine
917 2071 945 2118 ct
960 2061 1023 2136 jam
1038 2063 1070 2138 in.
1082 2063 1173 2133 maui-v
1185 2066 1225 2122 20

182 2149 236 2207 bus
256 2151 360 2208 nostris
381 2151 477 2206 hostes
498 2145 674 2202 viderentur.
716 2146 828 2205 Eadem
846 2158 942 2208 autem
961 2151 1108 2208 celeritate
1123 2152 1170 2209 ad-

182 2258 266 2298 verso
279 2240 353 2298 colle
368 2237 404 2294 ad
425 2245 521 2294 nemra
535 2245 631 2296 castra
653 2247 737 2312 atque
752 2257 809 2310 eos,
823 2241 874 2314 qui
888 2241 918 2298 in
938 2255 1024 2318 opere
1038 2243 1171 2318 occupati

139 2365 141 2372 ·
181 2340 273 2396 erant,
287 2324 505 2384 contenderunt.

216 2405 287 2476 XX.
308 2414 428 2474 Caesari
449 2415 545 2472 omnia
560 2434 617 2473 uno
638 2424 764 2492 tempore
779 2427 861 2474 erant
880 2417 1009 2492 agenda:
1032 2417 1171 2475 vexillum

180 2504 403 2582 proponendum,
418 2503 494 2579 quod
517 2515 579 2562 erat
603 2505 726 2580 insigne,
751 2523 843 2579 quum
867 2503 902 2560 ad
931 2521 1012 2560 erma
1035 2506 1224 2580 concurri-itt

178 2581 338 2672 oporteret:
359 2595 474 2671 signum
485 2595 555 2652 tuba
569 2595 714 2652 dandum:
737 2593 775 2650 ab
788 2612 875 2670 opere
886 2593 1040 2650 revocandi
1051 2593 1170 2651 milites:
1217 2599 1221 2604 “

178 2686 228 2764 qui
243 2685 330 2763 paulo
344 2685 466 2760 longius,
482 2686 597 2763 aggeris
612 2682 726 2761 petendi
740 2701 841 2752 causa,
856 2691 1063 2758 processerant,
1076 2700 1170 2742 arces·

178 2774 276 2834 sendi:
299 2775 377 2832 acies
396 2775 572 2844 instruenda,
588 2775 694 2831 milites
707 2773 883 2843 cohortandi,
895 2772 1011 2849 signum
1025 2772 1169 2832 dandum:

178 2883 304 2942 quarum
315 2882 418 2922 rerum.
425 2883 561 2940 magnam
572 2874 681 2940 partem
698 2863 832 2939 temporis
843 2863 968 2922 brevitas
978 2873 1007 2922 et
1017 2883 1170 2923 successus

178 2965 207 3012 et
216 2956 357 3012 incursus
371 2954 495 3012 bostium
510 2953 691 3030 impediebat.
734 2952 789 3010 His
803 2953 1019 3012 difficultatibus
1032 2954 1110 3012 duae
1123 2958 1221 3014 res-3⁰

178 3053 261 3102 erant
274 3043 409 3113 subsidio,
422 3043 544 3101 scientia
559 3052 645 3118 atque
660 3061 731 3100 usus
740 3043 872 3113 militum,
884 3042 959 3119 quod
973 3045 1169 3122 superioribus

178 3134 294 3209 proeliis
312 3133 473 3202 exercitati,
488 3131 558 3208 quid
573 3131 636 3188 fieri
657 3142 807 3208 oporteret,
822 3151 878 3190 non
902 3134 998 3192 minus
1020 3134 1167 3192 commode

178 3223 231 3298 ipsi
246 3223 300 3280 sibi
314 3222 522 3299 praescribere,
533 3240 621 3296 quam
642 3221 677 3278 ab
691 3222 756 3280 aliis
774 3222 870 3280 doceri
886 3237 1033 3300 poterant;
1050 3235 1078 3281 et
1092 3221 1169 3298 quod

177 3311 214 3370 ab
228 3329 314 3388 opere
324 3311 505 3388 singulisque
517 3310 678 3387 legionibus
691 3311 821 3388 singulos
835 3313 945 3388 legatos
955 3312 1064 3370 Caesar
1077 3311 1167 3366 disce·

177 3402 255 3472 dere,
271 3402 326 3459 nisi
341 3401 461 3458 munitis
474 3401 585 3470 castris,
601 3411 740 3464 vetuerat.
783 3401 833 3471 Hi,
849 3392 962 3478 propter
976 3398 1167 3478 propinquita·
1181 3397 1224 3470 ab„

177 3501 234 3550 tem
259 3501 288 3550 et
311 3491 491 3549 celeritatem
514 3491 647 3561 bostium,
670 3492 742 3550 nihil
763 3493 825 3567 jam
853 3491 988 3550 Caesaris
1015 3484 1168 3558 imperium

176 3583 364 3660 spectabant;
387 3581 437 3639 sed
452 3599 504 3658 per
517 3601 557 3652 se,
573 3602 647 3658 quae
661 3583 844 3649 videbantur,
860 3574 1107 3636 administrabant.

217 3669 299 3731 XXI-
321 3671 439 3742 Caesar,
455 3672 626 3732 necessariis
645 3673 732 3728 rebus
753 3667 910 3742 imperatis,
926 3663 962 3719 ad
982 3658 1168 3719 cohortandos

177 3761 292 3832 milites,
303 3778 393 3847 quam
408 3761 436 3830 ip
448 3771 558 3838 partem
570 3759 627 3817 fors
637 3759 747 3825 obtulit,
760 3752 928 3811 decucurrit
940 3758 968 3806 et
979 3747 1015 3806 ad
1026 3747 1167 3826 legionem

665 3851 683 3904 5
