2804 4312
189 262 233 322 ὅθ
544 266 587 313 nn
606 265 711 314 astro
728 263 873 312 stanton
1074 259 1231 320 testans.

242 405 386 464 desimam
400 405 524 464 devenit.
550 403 674 472 ‚Milites
692 421 748 460 non
769 403 897 480 longiore
916 399 1043 458 oratione
1057 399 1231 470 eohortstas,

241 513 330 570 quam
355 497 396 554 uti
418 513 488 554 suae
511 495 646 570 pristinae
668 493 781 550 virtutis
806 491 973 565 memoriam
994 490 1158 559 retinerent,
1173 507 1232 548 neu

242 585 478 660 perturbarentur
497 584 602 652 animo,
617 583 798 658 hostiumque
819 582 958 657 impeturn
980 577 1089 636 fortiter
1109 581 1230 639 sustine-

238 681 313 742 rent,
329 673 404 748 quod
418 691 474 730 non
488 672 602 749 longius
616 673 710 730 hostes
724 672 852 741 aberent,
866 688 955 746 quam
968 687 1026 745 quo
1039 669 1130 726 telum
1144 668 1229 742 adjioi

210 767 344 838 sponset,
360 760 461 838 proelii
482 761 676 820 eomntittendi
689 761 805 838 siguum
819 759 905 821 dedit.
948 759 1047 835 Atque
1061 759 1091 816 in
1107 758 1228 816 alteram

242 861 352 928 partem
363 851 432 910 item
442 852 607 910 cohortandi
621 869 711 912 eausa
722 849 876 928 proiectus,
888 850 1083 928 pugnantibus
1092 851 1229 906 ooourritt

242 939 395 1018 Temporis
415 951 495 1002 tanta
516 940 571 1000 fuit
592 942 744 1019 exiguitas,
765 941 946 1017 hostiumque
969 949 1030 998 tem
1054 949 1171 1016 paratus
1195 937 1231 994 ad

241 1029 437 1088 dimicandum
452 1032 574 1101 animus,
584 1042 617 1089 ut
629 1049 686 1089 non
697 1031 780 1090 modo
794 1031 829 1088 ad
840 1031 965 1108 insignia
979 1027 1231 1097 aeoommodanda,

241 1119 292 1175 sed
319 1120 407 1176 etiam
431 1121 466 1178 ad
488 1120 589 1198 galeas
610 1120 778 1191 induendas,
797 1121 945 1197 scutisque
969 1127 1120 1196 tegmenta
1138 1117 1231 1174 detra·

191 1209 229 1268 tt
242 1206 344 1276 hendo,
358 1217 472 1285 tompus
486 1208 620 1271 defuerit.
662 1201 761 1276 Quam
776 1210 899 1286 quisque
920 1211 950 1266 in
970 1218 1080 1286 partem
1094 1207 1131 1264 ab
1145 1225 1231 1283 opere

241 1314 313 1354 nasu
327 1295 451 1368 devenit,
463 1318 599 1376 quaeque
613 1301 705 1376 prima
719 1302 803 1377 signa
820 1300 977 1376 oonspsxit‚
992 1297 1028 1356 ad
1042 1300 1117 1359 haee
1128 1297 1231 1356 eonsti-

241 1386 283 1455 tit,
295 1403 341 1455 ue,
357 1387 387 1444 in
401 1389 574 1462 quaerendis
588 1391 657 1459 suis,
673 1390 821 1466 pugnandi
835 1399 948 1466 tempus
961 1387 1124 1446 dimitteret.

282 1474 378 1532 XXII.
401 1475 543 1534 Instructo
556 1479 686 1535 exercitu
701 1479 794 1555 magis
805 1487 836 1536 ut
850 1479 906 1536 loei
920 1488 1033 1545 natura,
1045 1477 1233 1552 dejeotusque

242 1564 333 1633 eollis,
345 1565 544 1622 etueosssitas
555 1567 697 1640 temporis,
709 1584 798 1641 quarn
813 1577 845 1624 ut
859 1567 900 1623 rei
915 1566 1048 1624 militaris
1062 1567 1134 1622 ratio
1144 1556 1238 1640 atque

192 1653 230 1712 lb
242 1651 310 1713 ordo
323 1651 493 1726 postulabat,
505 1667 604 1726 quum,
619 1651 740 1710 diuersis
758 1654 928 1730 legionibus,
943 1654 1018 1712 eliae
1032 1653 1091 1711 alia
1104 1653 1134 1709 in
1149 1664 1232 1730 parto

242 1740 371 1798 hostibus
390 1741 564 1808 resisterent,
584 1738 757 1814 sepibusque
777 1742 962 1812 densissimis,
978 1751 1009 1799 ut
1030 1752 1096 1799 anta
1116 1741 1233 1800 demon·

139 1891 144 1900 ,
243 1828 406 1897 stravimus,
428 1827 594 1901 interjectis,
616 1837 783 1902 prospectus
802 1830 1006 1906 impediretur:
1033 1848 1128 1906 neque
1152 1841 1235 1890 uerte

243 1917 370 1976 subsidia
384 1916 529 1985 collocari,
541 1933 635 1991 nequa
649 1914 718 1990 quid
734 1916 764 1973 in
777 1931 892 1994 quaque
906 1929 986 1996 perte
998 1939 1071 1997 opus
1081 1930 1157 1980 esset
1170 1939 1233 1996 pro.

243 2008 343 2078 videri,
358 2027 453 2085 neque
475 2008 512 2066 ab
535 2025 591 2064 uno
612 2008 710 2064 omnia
733 2008 856 2084 imperia
877 2011 1069 2071 administrari
1091 2023 1232 2090 poterant.

191 2105 231 2162 ib
244 2099 353 2176 Itaque,
371 2099 401 2157 in
421 2108 501 2162 tanta
523 2117 621 2156 rerum
644 2097 803 2174 iniquitate,
826 2097 956 2158 fortunas
976 2121 1091 2180 quoque
1112 2115 1234 2165 eventus

244 2190 317 2247 varii
331 2189 535 2264 sequebantur.
738 2239 742 2246 .

285 2276 394 2336 XXIII.
417 2276 554 2354 Legionis
574 2293 666 2334 umiae
687 2286 716 2335 st
736 2275 867 2334 deeimae
889 2277 1003 2348 milites,
1018 2289 1050 2336 ut
1071 2283 1101 2354 in
1114 2283 1231 2340 sinistra

244 2377 324 2444 parte
349 2367 412 2425 acie
436 2367 628 2436 eonstitersnt,
654 2365 721 2443 pilis
748 2366 869 2436 emissis,
895 2385 983 2424 eursu
1009 2386 1044 2425 eo
1067 2368 1235 2430 lassitudine

244 2457 421 2514 exanimatos
442 2454 667 2531 vulneribusque
690 2454 836 2514 conlectos
856 2455 1011 2516 Atrebates
1034 2461 1116 2533 (narn
1134 2457 1234 2520 hisee

192 2549 233 2624 ᾗ
244 2565 312 2623 pars
324 2544 491 2624 obvenerat)
502 2545 636 2620 eeleriter
649 2564 685 2603 ex
700 2545 764 2604 loeo
781 2547 929 2622 superiore
942 2547 973 2604 in
994 2546 1102 2604 flumen
1116 2563 1232 2623 eompu-

244 2637 358 2709 lerunt3
381 2647 410 2694 et
429 2635 553 2710 transire
567 2644 704 2694 sonantes
717 2635 840 2694 lnseouti
854 2635 959 2712 gladiis
973 2653 1109 2714 magnam
1124 2645 1235 2712 partem

244 2732 345 2784 e'orum
369 2725 535 2802 impeditam
557 2723 773 2782 interfecerunt.
816 2722 873 2800 ipsi
898 2725 1021 2782 tramite
1046 2725 1154 2782 flumen
1178 2743 1235 2784 non

245 2814 466 2884 dubitaverunt3
488 2823 526 2881 et,
541 2813 570 2869 in
585 2812 682 2870 looum
697 2813 828 2889 iniquum
843 2813 995 2890 progressi,
1010 2831 1111 2871 rursus
1125 2833 1235 2892 regres-

245 2919 340 2958 sosas
354 2902 518 2982 resistentes
536 2899 631 2957 hostes
651 2901 843 2978 redintegrato
863 2901 973 2980 proelio
986 2902 1017 2958 in
1038 2901 1137 2980 lugam
1151 2893 1235 2960 dede-

193 2993 234 3052 ⁸0
246 2997 323 3046 runt.
365 2985 436 3044 Item
452 2987 510 3044 alia
530 2988 560 3043 in
581 2998 661 3063 parta
674 2989 806 3048 diversae
826 2990 902 3048 duae
923 2989 1059 3067 legiones,
1082 2991 1236 3050 undsoima

245 3084 393 3145 stomata,
405 3075 562 3151 profligatis
569 3076 791 3148 Veromendnis,
803 3081 976 3155 quibusoam
987 3093 1067 3138 erant
1078 3083 1234 3158 oongreni

151 3235 156 3242 ι
246 3183 282 3223 ex
296 3165 360 3222 loeo
379 3165 525 3241 superiore
546 3165 576 3222 in
597 3165 666 3242 ipsis
690 3167 817 3225 fluminis
839 3169 908 3245 ripis
928 3169 1152 3246 praeliabantur.
1196 3170 1236 3232 At

245 3263 308 3312 tum
321 3253 386 3311 totis
408 3251 470 3311 iare
491 3272 510 3310 a
529 3250 620 3312 fronte
639 3263 668 3311 et
688 3255 725 3311 ab
746 3256 862 3314 sinistra
882 3267 963 3334 parte
986 3257 1101 3317 nudatis
1122 3259 1234 3328 eastris,

245 3359 336 3420 quum
349 3343 379 3399 in
393 3342 493 3400 dextro
506 3359 597 3400 sorau
611 3343 687 3420 legio
700 3343 878 3416 duodecima,
892 3356 930 3416 et,
945 3345 1002 3404 aon
1023 3365 1128 3425 magno
1148 3347 1186 3409 ab
1199 3365 1236 3406 ea
1331 3384 1334 3391 ·

194 3431 406 3502 ”interuallo
430 3432 551 3508 septima
573 3432 753 3502 constitisset,
775 3453 874 3493 omnes
898 3435 1004 3494 Nervii
1025 3434 1237 3494 eonfertissimo

246 3522 371 3600 agmine,
386 3520 460 3578 duee
474 3519 668 3596 Boduognato,
684 3522 735 3597 qui
755 3540 897 3582 summam
918 3525 1032 3602 imperii
1053 3525 1177 3593 tenebat,
1198 3525 1236 3583 ad

245 3629 315 3668 sum
334 3609 432 3669 laeum
453 3609 677 3668 oontenderunt:
698 3629 822 3686 quorum
842 3631 909 3688 pars
930 3623 1028 3691 aperto
1049 3613 1140 3675 latere
1163 3613 1236 3692 legi-

245 3715 314 3758 ones
334 3699 555 3770 ermanlenus,
577 3717 644 3776 pars
665 3715 811 3758 summurn
832 3711 994 3768 nestrorum
1013 3701 1233 3780 laeum-petere,

245 3788 348 3864 eoepit.
