<?xml version="1.0" encoding="UTF-8"?>
<!DOCTYPE html PUBLIC "-//W3C//DTD XHTML 1.0 Transitional//EN"
    "http://www.w3.org/TR/xhtml1/DTD/xhtml1-transitional.dtd">
<html xmlns="http://www.w3.org/1999/xhtml" xml:lang="en" lang="en">
 <head>
  <title>
</title>
<meta http-equiv="Content-Type" content="text/html;charset=utf-8" />
  <meta name='ocr-system' content='tesseract 3.04.00' />
  <meta name='ocr-capabilities' content='ocr_page ocr_carea ocr_par ocr_line ocrx_word'/>
</head>
<body>
  <div class='ocr_page' id='page_1' title='image "./cjuliuscaesarsc00spengoog_0058.png"; bbox 0 0 2830 4326; ppageno 0'>
   <div class='ocr_carea' id='block_1_1' title="bbox 186 177 1226 399">
    <p class='ocr_par' dir='ltr' id='par_1_1' title="bbox 186 177 1226 399">
     <span class='ocr_line' id='line_1_1' title="bbox 186 177 1226 399; baseline -0.011 -55"><span class='ocrx_word' id='word_1_1' title='bbox 186 275 229 344; x_wconf 70' lang='lat' dir='ltr'><strong>td</strong></span> <span class='ocrx_word' id='word_1_2' title='bbox 541 289 583 336; x_wconf 86' lang='lat' dir='ltr'><strong>na</strong></span> <span class='ocrx_word' id='word_1_3' title='bbox 603 287 868 338; x_wconf 72' lang='lat' dir='ltr'><strong>usamentum</strong></span> <span class='ocrx_word' id='word_1_4' title='bbox 971 177 1016 399; x_wconf 46' lang='grc'><strong>1</strong></span> <span class='ocrx_word' id='word_1_5' title='bbox 1078 287 1226 342; x_wconf 70' lang='lat' dir='ltr'><strong>[cnm-re</strong></span> 
     </span>
    </p>
   </div>
   <div class='ocr_carea' id='block_1_2' title="bbox 205 401 1275 1142">
    <p class='ocr_par' dir='ltr' id='par_1_2' title="bbox 205 401 1275 1142">
     <span class='ocr_line' id='line_1_2' title="bbox 237 401 1230 502; baseline -0.007 -12"><span class='ocrx_word' id='word_1_6' title='bbox 237 428 409 498; x_wconf 78' lang='lat' dir='ltr'><strong>consedisse,</strong></span> <span class='ocrx_word' id='word_1_7' title='bbox 420 427 633 502; x_wconf 77' lang='lat' dir='ltr'><strong>adventumque</strong></span> <span class='ocrx_word' id='word_1_8' title='bbox 647 427 686 484; x_wconf 88' lang='lat' dir='ltr'><strong>ibi</strong></span> <span class='ocrx_word' id='word_1_9' title='bbox 698 427 895 486; x_wconf 84' lang='lat' dir='ltr'><strong>Romanorum</strong></span> <span class='ocrx_word' id='word_1_10' title='bbox 906 401 1075 502; x_wconf 64' lang='lat' dir='ltr'><strong>exsibctare</strong></span> <span class='ocrx_word' id='word_1_11' title='bbox 1091 443 1230 487; x_wconf 87' lang='lat' dir='ltr'><strong>unacum</strong></span> 
     </span>
     <span class='ocr_line' id='line_1_3' title="bbox 237 515 1229 594; baseline -0.004 -16"><span class='ocrx_word' id='word_1_12' title='bbox 237 517 425 578; x_wconf 73' lang='lat' dir='ltr'>Atrebatibus</span> <span class='ocrx_word' id='word_1_13' title='bbox 445 527 473 576; x_wconf 88' lang='lat' dir='ltr'><strong>et</strong></span> <span class='ocrx_word' id='word_1_14' title='bbox 494 515 714 586; x_wconf 86' lang='lat' dir='ltr'><strong>Veromanduis,</strong></span> <span class='ocrx_word' id='word_1_15' title='bbox 730 517 860 575; x_wconf 88' lang='lat' dir='ltr'><strong>finitimis</strong></span> <span class='ocrx_word' id='word_1_16' title='bbox 881 517 959 573; x_wconf 84' lang='lat' dir='ltr'><strong>suis:</strong></span> <span class='ocrx_word' id='word_1_17' title='bbox 980 517 1063 594; x_wconf 89' lang='lat' dir='ltr'><strong>(nam</strong></span> <span class='ocrx_word' id='word_1_18' title='bbox 1084 517 1129 574; x_wconf 84' lang='lat' dir='ltr'><strong>Iris</strong></span> <span class='ocrx_word' id='word_1_19' title='bbox 1144 519 1229 576; x_wconf 78' lang='lat' dir='ltr'><strong>utris-</strong></span> 
     </span>
     <span class='ocr_line' id='line_1_4' title="bbox 236 603 1230 683; baseline -0.002 -17"><span class='ocrx_word' id='word_1_20' title='bbox 236 625 294 682; x_wconf 87' lang='lat' dir='ltr'><strong>que</strong></span> <span class='ocrx_word' id='word_1_21' title='bbox 316 615 527 681; x_wconf 74' lang='lat' dir='ltr'><strong>persuaserant,</strong></span> <span class='ocrx_word' id='word_1_22' title='bbox 544 609 585 663; x_wconf 89' lang='lat' dir='ltr'><strong>uti</strong></span> <span class='ocrx_word' id='word_1_23' title='bbox 608 605 730 664; x_wconf 87' lang='lat' dir='ltr'><strong>eandem</strong></span> <span class='ocrx_word' id='word_1_24' title='bbox 755 604 825 664; x_wconf 90' lang='lat' dir='ltr'><strong>belli</strong></span> <span class='ocrx_word' id='word_1_25' title='bbox 847 603 993 665; x_wconf 83' lang='lat' dir='ltr'><strong>fortunam</strong></span> <span class='ocrx_word' id='word_1_26' title='bbox 1013 605 1230 683; x_wconf 73' lang='lat' dir='ltr'><strong>experirentur)</strong></span> 
     </span>
     <span class='ocr_line' id='line_1_5' title="bbox 236 695 1230 772; baseline -0.001 -17"><span class='ocrx_word' id='word_1_27' title='bbox 236 697 504 772; x_wconf 71' lang='lat' dir='ltr'><strong>exspectaueram</strong></span> <span class='ocrx_word' id='word_1_28' title='bbox 519 697 556 752; x_wconf 89' lang='lat' dir='ltr'><strong>ab</strong></span> <span class='ocrx_word' id='word_1_29' title='bbox 577 697 621 754; x_wconf 88' lang='lat' dir='ltr'><strong>bis</strong></span> <span class='ocrx_word' id='word_1_30' title='bbox 636 695 860 756; x_wconf 84' lang='lat' dir='ltr'><strong>Aduatucorum</strong></span> <span class='ocrx_word' id='word_1_31' title='bbox 881 697 989 772; x_wconf 86' lang='lat' dir='ltr'><strong>copias,</strong></span> <span class='ocrx_word' id='word_1_32' title='bbox 1006 705 1093 771; x_wconf 87' lang='lat' dir='ltr'><strong>atque</strong></span> <span class='ocrx_word' id='word_1_33' title='bbox 1114 715 1178 754; x_wconf 87' lang='lat' dir='ltr'><strong>esse</strong></span> <span class='ocrx_word' id='word_1_34' title='bbox 1199 697 1230 754; x_wconf 89' lang='lat' dir='ltr'><strong>in</strong></span> 
     </span>
     <span class='ocr_line' id='line_1_6' title="bbox 205 785 1231 864; baseline -0.004 -16"><span class='ocrx_word' id='word_1_35' title='bbox 205 787 355 848; x_wconf 78' lang='lat' dir='ltr'><strong>citinere:</strong></span> <span class='ocrx_word' id='word_1_36' title='bbox 377 785 523 856; x_wconf 81' lang='lat' dir='ltr'><strong>mulieres,</strong></span> <span class='ocrx_word' id='word_1_37' title='bbox 544 788 653 862; x_wconf 90' lang='lat' dir='ltr'><strong>quique</strong></span> <span class='ocrx_word' id='word_1_38' title='bbox 676 803 728 864; x_wconf 91' lang='lat' dir='ltr'><strong>per</strong></span> <span class='ocrx_word' id='word_1_39' title='bbox 751 795 875 846; x_wconf 87' lang='lat' dir='ltr'><strong>aetatem</strong></span> <span class='ocrx_word' id='word_1_40' title='bbox 898 785 933 844; x_wconf 89' lang='lat' dir='ltr'><strong>ad</strong></span> <span class='ocrx_word' id='word_1_41' title='bbox 958 805 1088 864; x_wconf 85' lang='lat' dir='ltr'><strong>pugnam</strong></span> <span class='ocrx_word' id='word_1_42' title='bbox 1112 785 1231 845; x_wconf 84' lang='lat' dir='ltr'><strong>inutiles</strong></span> 
     </span>
     <span class='ocr_line' id='line_1_7' title="bbox 236 874 1230 954; baseline -0.002 -18"><span class='ocrx_word' id='word_1_43' title='bbox 236 875 411 946; x_wconf 86' lang='lat' dir='ltr'><strong>viderentur,</strong></span> <span class='ocrx_word' id='word_1_44' title='bbox 429 877 463 936; x_wconf 86' lang='lat' dir='ltr'><strong>in</strong></span> <span class='ocrx_word' id='word_1_45' title='bbox 484 895 553 934; x_wconf 89' lang='lat' dir='ltr'><strong>eum</strong></span> <span class='ocrx_word' id='word_1_46' title='bbox 577 877 674 934; x_wconf 87' lang='lat' dir='ltr'><strong>locum</strong></span> <span class='ocrx_word' id='word_1_47' title='bbox 698 877 865 954; x_wconf 88' lang='lat' dir='ltr'><strong>conjecisse,</strong></span> <span class='ocrx_word' id='word_1_48' title='bbox 886 895 945 951; x_wconf 89' lang='lat' dir='ltr'><strong>quo</strong></span> <span class='ocrx_word' id='word_1_49' title='bbox 970 887 1084 954; x_wconf 87' lang='lat' dir='ltr'><strong>propter</strong></span> <span class='ocrx_word' id='word_1_50' title='bbox 1108 874 1230 954; x_wconf 81' lang='lat' dir='ltr'><strong>paludes</strong></span> 
     </span>
     <span class='ocr_line' id='line_1_8' title="bbox 236 965 1016 1046; baseline 0 -20"><span class='ocrx_word' id='word_1_51' title='bbox 236 966 382 1026; x_wconf 81' lang='lat' dir='ltr'><strong>exercitui</strong></span> <span class='ocrx_word' id='word_1_52' title='bbox 392 965 487 1025; x_wconf 88' lang='lat' dir='ltr'><strong>aditus</strong></span> <span class='ocrx_word' id='word_1_53' title='bbox 501 985 558 1024; x_wconf 89' lang='lat' dir='ltr'><strong>non</strong></span> <span class='ocrx_word' id='word_1_54' title='bbox 572 977 656 1024; x_wconf 73' lang='lat' dir='ltr'><strong>asset.</strong></span> <span class='ocrx_word' id='word_1_55' title='bbox 1010 1033 1016 1046; x_wconf 36' lang='grc' dir='ltr'>ι</span> 
     </span>
     <span class='ocr_line' id='line_1_9' title="bbox 277 1051 1275 1142; baseline 0 -28"><span class='ocrx_word' id='word_1_56' title='bbox 277 1052 372 1114; x_wconf 91' lang='lat' dir='ltr'>XVII.</span> <span class='ocrx_word' id='word_1_57' title='bbox 405 1051 462 1114; x_wconf 88' lang='lat' dir='ltr'><strong>His</strong></span> <span class='ocrx_word' id='word_1_58' title='bbox 489 1057 575 1114; x_wconf 86' lang='lat' dir='ltr'><strong>rebus</strong></span> <span class='ocrx_word' id='word_1_59' title='bbox 604 1057 734 1134; x_wconf 84' lang='lat' dir='ltr'><strong>cognitis,</strong></span> <span class='ocrx_word' id='word_1_60' title='bbox 757 1056 960 1142; x_wconf 50' lang='lat' dir='ltr'><strong>⁸exploratores</strong></span> <span class='ocrx_word' id='word_1_61' title='bbox 987 1057 1230 1133; x_wconf 78' lang='lat' dir='ltr'><strong>centurionesque</strong></span> <span class='ocrx_word' id='word_1_62' title='bbox 1261 1088 1275 1124; x_wconf 75' lang='lat'><strong>,=</strong></span> 
     </span>
    </p>
   </div>
   <div class='ocr_carea' id='block_1_3' title="bbox 236 1148 1324 1226">
    <p class='ocr_par' dir='ltr' id='par_1_3' title="bbox 236 1148 1324 1226">
     <span class='ocr_line' id='line_1_10' title="bbox 236 1148 1324 1226; baseline 0.001 -22"><span class='ocrx_word' id='word_1_63' title='bbox 236 1148 401 1224; x_wconf 84' lang='lat' dir='ltr'><strong>praemittit,</strong></span> <span class='ocrx_word' id='word_1_64' title='bbox 411 1149 460 1223; x_wconf 89' lang='lat' dir='ltr'><strong>qui</strong></span> <span class='ocrx_word' id='word_1_65' title='bbox 472 1148 569 1206; x_wconf 89' lang='lat' dir='ltr'><strong>locum</strong></span> <span class='ocrx_word' id='word_1_66' title='bbox 581 1150 685 1208; x_wconf 83' lang='lat' dir='ltr'><strong>castris</strong></span> <span class='ocrx_word' id='word_1_67' title='bbox 699 1149 833 1206; x_wconf 85' lang='lat' dir='ltr'><strong>idoneum</strong></span> <span class='ocrx_word' id='word_1_68' title='bbox 848 1149 987 1226; x_wconf 84' lang='lat' dir='ltr'><strong>deligant.</strong></span> <span class='ocrx_word' id='word_1_69' title='bbox 1020 1149 1178 1224; x_wconf 84' lang='lat' dir='ltr'><strong>Quumque</strong></span> <span class='ocrx_word' id='word_1_70' title='bbox 1192 1167 1230 1206; x_wconf 87' lang='lat' dir='ltr'><strong>ex</strong></span> <span class='ocrx_word' id='word_1_71' title='bbox 1320 1197 1324 1204; x_wconf 93' lang='lat'><em>.</em></span> 
     </span>
    </p>
   </div>
   <div class='ocr_carea' id='block_1_4' title="bbox 158 1235 1312 3923">
    <p class='ocr_par' dir='ltr' id='par_1_4' title="bbox 186 1235 1230 1316">
     <span class='ocr_line' id='line_1_11' title="bbox 186 1235 1230 1316; baseline -0.004 -16"><span class='ocrx_word' id='word_1_72' title='bbox 186 1245 223 1302; x_wconf 82' lang='lat' dir='ltr'><strong>ru</strong></span> <span class='ocrx_word' id='word_1_73' title='bbox 236 1235 371 1296; x_wconf 78' lang='lat' dir='ltr'><strong>dedititiis</strong></span> <span class='ocrx_word' id='word_1_74' title='bbox 382 1237 482 1314; x_wconf 84' lang='lat' dir='ltr'><strong>Belgis</strong></span> <span class='ocrx_word' id='word_1_75' title='bbox 493 1239 670 1315; x_wconf 86' lang='lat' dir='ltr'><strong>reliquisque</strong></span> <span class='ocrx_word' id='word_1_76' title='bbox 681 1239 776 1298; x_wconf 87' lang='lat' dir='ltr'><strong>Gallis</strong></span> <span class='ocrx_word' id='word_1_77' title='bbox 791 1239 954 1316; x_wconf 74' lang='lat' dir='ltr'><strong>complures</strong></span> <span class='ocrx_word' id='word_1_78' title='bbox 964 1239 1121 1298; x_wconf 82' lang='lat' dir='ltr'><strong>Caesarem</strong></span> <span class='ocrx_word' id='word_1_79' title='bbox 1136 1240 1230 1296; x_wconf 88' lang='lat' dir='ltr'><strong>secuti</strong></span> 
     </span>
    </p>

    <p class='ocr_par' dir='ltr' id='par_1_5' title="bbox 158 1326 1232 1675">
     <span class='ocr_line' id='line_1_12' title="bbox 158 1326 1229 1410; baseline -0.002 -22"><span class='ocrx_word' id='word_1_80' title='bbox 158 1407 161 1410; x_wconf 21' lang='grc' dir='ltr'>Ι</span> <span class='ocrx_word' id='word_1_81' title='bbox 236 1347 295 1388; x_wconf 80' lang='lat' dir='ltr'><strong>nna</strong></span> <span class='ocrx_word' id='word_1_82' title='bbox 309 1329 365 1386; x_wconf 83' lang='lat' dir='ltr'><strong>iter</strong></span> <span class='ocrx_word' id='word_1_83' title='bbox 380 1327 523 1386; x_wconf 82' lang='lat' dir='ltr'><strong>fecerent:</strong></span> <span class='ocrx_word' id='word_1_84' title='bbox 545 1326 663 1405; x_wconf 83' lang='lat' dir='ltr'><strong>quidem</strong></span> <span class='ocrx_word' id='word_1_85' title='bbox 677 1349 715 1388; x_wconf 81' lang='lat' dir='ltr'><strong>ex</strong></span> <span class='ocrx_word' id='word_1_86' title='bbox 729 1330 782 1400; x_wconf 89' lang='lat' dir='ltr'><strong>his,</strong></span> <span class='ocrx_word' id='word_1_87' title='bbox 794 1340 824 1388; x_wconf 89' lang='lat' dir='ltr'><strong>ut</strong></span> <span class='ocrx_word' id='word_1_88' title='bbox 835 1340 932 1406; x_wconf 84' lang='lat' dir='ltr'><strong>postea</strong></span> <span class='ocrx_word' id='word_1_89' title='bbox 946 1347 982 1386; x_wconf 87' lang='lat' dir='ltr'><strong>ex</strong></span> <span class='ocrx_word' id='word_1_90' title='bbox 995 1331 1118 1406; x_wconf 87' lang='lat' dir='ltr'><strong>captivis</strong></span> <span class='ocrx_word' id='word_1_91' title='bbox 1132 1330 1229 1406; x_wconf 81' lang='lat' dir='ltr'><strong>cogni-</strong></span> 
     </span>
     <span class='ocr_line' id='line_1_13' title="bbox 236 1418 1231 1488; baseline -0.002 -10"><span class='ocrx_word' id='word_1_92' title='bbox 236 1425 364 1488; x_wconf 76' lang='lat' dir='ltr'><strong>tumen,</strong></span> <span class='ocrx_word' id='word_1_93' title='bbox 380 1437 480 1476; x_wconf 89' lang='lat' dir='ltr'><strong>eorum</strong></span> <span class='ocrx_word' id='word_1_94' title='bbox 500 1418 615 1476; x_wconf 89' lang='lat' dir='ltr'><strong>dierum</strong></span> <span class='ocrx_word' id='word_1_95' title='bbox 629 1419 836 1476; x_wconf 66' lang='lat' dir='ltr'><strong>cousuetudine</strong></span> <span class='ocrx_word' id='word_1_96' title='bbox 855 1419 966 1478; x_wconf 87' lang='lat' dir='ltr'><strong>itineris</strong></span> <span class='ocrx_word' id='word_1_97' title='bbox 979 1421 1069 1477; x_wconf 88' lang='lat' dir='ltr'><strong>nostri</strong></span> <span class='ocrx_word' id='word_1_98' title='bbox 1083 1420 1231 1476; x_wconf 84' lang='lat' dir='ltr'><strong>exercitus</strong></span> 
     </span>
     <span class='ocr_line' id='line_1_14' title="bbox 237 1508 1230 1586; baseline 0.002 -22"><span class='ocrx_word' id='word_1_99' title='bbox 237 1517 396 1586; x_wconf 86' lang='lat' dir='ltr'><strong>perspecta,</strong></span> <span class='ocrx_word' id='word_1_100' title='bbox 411 1519 495 1566; x_wconf 86' lang='lat' dir='ltr'><strong>nocte</strong></span> <span class='ocrx_word' id='word_1_101' title='bbox 520 1509 555 1566; x_wconf 87' lang='lat' dir='ltr'><strong>ed</strong></span> <span class='ocrx_word' id='word_1_102' title='bbox 578 1509 705 1566; x_wconf 88' lang='lat' dir='ltr'><strong>Nervios</strong></span> <span class='ocrx_word' id='word_1_103' title='bbox 727 1511 929 1584; x_wconf 80' lang='lat' dir='ltr'><strong>pervenerunt,</strong></span> <span class='ocrx_word' id='word_1_104' title='bbox 946 1519 1032 1584; x_wconf 85' lang='lat' dir='ltr'><strong>atque</strong></span> <span class='ocrx_word' id='word_1_105' title='bbox 1054 1510 1090 1566; x_wconf 86' lang='lat' dir='ltr'><strong>iis</strong></span> <span class='ocrx_word' id='word_1_106' title='bbox 1113 1508 1230 1566; x_wconf 86' lang='lat' dir='ltr'><strong>demen-</strong></span> 
     </span>
     <span class='ocr_line' id='line_1_15' title="bbox 236 1597 1232 1675; baseline 0.002 -19"><span class='ocrx_word' id='word_1_107' title='bbox 236 1608 371 1668; x_wconf 85' lang='lat' dir='ltr'><strong>strarunt,</strong></span> <span class='ocrx_word' id='word_1_108' title='bbox 394 1598 467 1655; x_wconf 89' lang='lat' dir='ltr'><strong>inter</strong></span> <span class='ocrx_word' id='word_1_109' title='bbox 487 1597 618 1675; x_wconf 86' lang='lat' dir='ltr'><strong>singulas</strong></span> <span class='ocrx_word' id='word_1_110' title='bbox 645 1597 774 1674; x_wconf 84' lang='lat' dir='ltr'><strong>legiones</strong></span> <span class='ocrx_word' id='word_1_111' title='bbox 795 1597 1063 1674; x_wconf 84' lang='lat' dir='ltr'><strong>impedimentorum</strong></span> <span class='ocrx_word' id='word_1_112' title='bbox 1090 1615 1232 1675; x_wconf 82' lang='lat' dir='ltr'><strong>maguum</strong></span> 
     </span>
    </p>

    <p class='ocr_par' dir='ltr' id='par_1_6' title="bbox 187 1682 1232 1857">
     <span class='ocr_line' id='line_1_16' title="bbox 187 1682 1231 1763; baseline 0.002 -19"><span class='ocrx_word' id='word_1_113' title='bbox 187 1695 391 1752; x_wconf 68' lang='lat' dir='ltr'><strong>innumerum</strong></span> <span class='ocrx_word' id='word_1_114' title='bbox 413 1687 601 1756; x_wconf 83' lang='lat' dir='ltr'><strong>intercedere,</strong></span> <span class='ocrx_word' id='word_1_115' title='bbox 624 1706 719 1763; x_wconf 83' lang='lat' dir='ltr'><strong>neque</strong></span> <span class='ocrx_word' id='word_1_116' title='bbox 740 1705 804 1746; x_wconf 86' lang='lat' dir='ltr'><strong>esse</strong></span> <span class='ocrx_word' id='word_1_117' title='bbox 828 1682 986 1762; x_wconf 87' lang='lat' dir='ltr'><strong>quidquam</strong></span> <span class='ocrx_word' id='word_1_118' title='bbox 1006 1687 1123 1762; x_wconf 82' lang='lat' dir='ltr'><strong>negotii,</strong></span> <span class='ocrx_word' id='word_1_119' title='bbox 1137 1704 1231 1763; x_wconf 89' lang='lat' dir='ltr'><strong>quum</strong></span> 
     </span>
     <span class='ocr_line' id='line_1_17' title="bbox 237 1776 1232 1857; baseline 0.002 -23"><span class='ocrx_word' id='word_1_120' title='bbox 237 1779 330 1857; x_wconf 88' lang='lat' dir='ltr'><strong>prima</strong></span> <span class='ocrx_word' id='word_1_121' title='bbox 344 1779 421 1855; x_wconf 84' lang='lat' dir='ltr'><strong>legio</strong></span> <span class='ocrx_word' id='word_1_122' title='bbox 434 1779 464 1834; x_wconf 85' lang='lat' dir='ltr'><strong>in</strong></span> <span class='ocrx_word' id='word_1_123' title='bbox 479 1788 575 1836; x_wconf 86' lang='lat' dir='ltr'><strong>castra</strong></span> <span class='ocrx_word' id='word_1_124' title='bbox 589 1778 722 1847; x_wconf 89' lang='lat' dir='ltr'><strong>venisset,</strong></span> <span class='ocrx_word' id='word_1_125' title='bbox 739 1777 927 1852; x_wconf 80' lang='lat' dir='ltr'><strong>reliquaeque</strong></span> <span class='ocrx_word' id='word_1_126' title='bbox 947 1776 1076 1854; x_wconf 84' lang='lat' dir='ltr'><strong>legiones</strong></span> <span class='ocrx_word' id='word_1_127' title='bbox 1090 1793 1232 1854; x_wconf 86' lang='lat' dir='ltr'><strong>magnum</strong></span> 
     </span>
    </p>

    <p class='ocr_par' dir='ltr' id='par_1_7' title="bbox 181 1866 1231 2124">
     <span class='ocr_line' id='line_1_18' title="bbox 181 1866 1231 1944; baseline -0.003 -15"><span class='ocrx_word' id='word_1_128' title='bbox 181 1919 186 1929; x_wconf 88' lang='lat'>.</span> <span class='ocrx_word' id='word_1_129' title='bbox 237 1869 362 1944; x_wconf 89' lang='lat' dir='ltr'><strong>spatium</strong></span> <span class='ocrx_word' id='word_1_130' title='bbox 387 1869 528 1938; x_wconf 85' lang='lat' dir='ltr'><strong>abessent,</strong></span> <span class='ocrx_word' id='word_1_131' title='bbox 554 1867 631 1926; x_wconf 81' lang='lat' dir='ltr'><strong>hanc</strong></span> <span class='ocrx_word' id='word_1_132' title='bbox 659 1867 714 1924; x_wconf 88' lang='lat' dir='ltr'><strong>sub</strong></span> <span class='ocrx_word' id='word_1_133' title='bbox 736 1869 861 1926; x_wconf 65' lang='lat' dir='ltr'><strong>,sarcinis</strong></span> <span class='ocrx_word' id='word_1_134' title='bbox 892 1866 1015 1924; x_wconf 85' lang='lat' dir='ltr'><strong>adoriri:</strong></span> <span class='ocrx_word' id='word_1_135' title='bbox 1049 1886 1109 1943; x_wconf 90' lang='lat' dir='ltr'><strong>qua</strong></span> <span class='ocrx_word' id='word_1_136' title='bbox 1136 1868 1231 1944; x_wconf 84' lang='lat' dir='ltr'><strong>pulsa,</strong></span> 
     </span>
     <span class='ocr_line' id='line_1_19' title="bbox 236 1957 1231 2036; baseline 0.003 -21"><span class='ocrx_word' id='word_1_137' title='bbox 236 1957 506 2036; x_wconf 85' lang='lat' dir='ltr'><strong>impedimentisque</strong></span> <span class='ocrx_word' id='word_1_138' title='bbox 529 1957 657 2034; x_wconf 87' lang='lat' dir='ltr'><strong>direptis,</strong></span> <span class='ocrx_word' id='word_1_139' title='bbox 679 1957 820 2027; x_wconf 80' lang='lat' dir='ltr'><strong>futurum,</strong></span> <span class='ocrx_word' id='word_1_140' title='bbox 836 1967 867 2015; x_wconf 90' lang='lat' dir='ltr'><strong>ut</strong></span> <span class='ocrx_word' id='word_1_141' title='bbox 890 1957 1020 2033; x_wconf 87' lang='lat' dir='ltr'><strong>reliquae</strong></span> <span class='ocrx_word' id='word_1_142' title='bbox 1042 1967 1143 2017; x_wconf 88' lang='lat' dir='ltr'><strong>centra</strong></span> <span class='ocrx_word' id='word_1_143' title='bbox 1164 1977 1231 2018; x_wconf 89' lang='lat' dir='ltr'><strong>con·</strong></span> 
     </span>
     <span class='ocr_line' id='line_1_20' title="bbox 237 2047 1231 2124; baseline 0 -18"><span class='ocrx_word' id='word_1_144' title='bbox 237 2048 338 2106; x_wconf 84' lang='lat' dir='ltr'><strong>sistere</strong></span> <span class='ocrx_word' id='word_1_145' title='bbox 360 2067 417 2108; x_wconf 90' lang='lat' dir='ltr'><strong>uon</strong></span> <span class='ocrx_word' id='word_1_146' title='bbox 438 2047 590 2106; x_wconf 85' lang='lat' dir='ltr'><strong>auderent.</strong></span> <span class='ocrx_word' id='word_1_147' title='bbox 634 2048 802 2124; x_wconf 86' lang='lat' dir='ltr'><strong>Adjuvabat</strong></span> <span class='ocrx_word' id='word_1_148' title='bbox 826 2048 914 2107; x_wconf 88' lang='lat' dir='ltr'><strong>ctiam</strong></span> <span class='ocrx_word' id='word_1_149' title='bbox 938 2065 1039 2106; x_wconf 86' lang='lat' dir='ltr'><strong>eorum</strong></span> <span class='ocrx_word' id='word_1_150' title='bbox 1067 2049 1231 2120; x_wconf 88' lang='lat' dir='ltr'><strong>consilium,</strong></span> 
     </span>
    </p>

    <p class='ocr_par' dir='ltr' id='par_1_8' title="bbox 185 2135 1312 2578">
     <span class='ocr_line' id='line_1_21' title="bbox 185 2135 1232 2216; baseline 0.002 -20"><span class='ocrx_word' id='word_1_151' title='bbox 185 2147 224 2204; x_wconf 75' lang='lat'><strong>2⁰</strong></span> <span class='ocrx_word' id='word_1_152' title='bbox 237 2139 287 2214; x_wconf 90' lang='lat' dir='ltr'><strong>qui</strong></span> <span class='ocrx_word' id='word_1_153' title='bbox 307 2157 369 2196; x_wconf 89' lang='lat' dir='ltr'><strong>rem</strong></span> <span class='ocrx_word' id='word_1_154' title='bbox 389 2135 563 2207; x_wconf 75' lang='lat' dir='ltr'><strong>deferebant,</strong></span> <span class='ocrx_word' id='word_1_155' title='bbox 578 2138 655 2216; x_wconf 91' lang='lat' dir='ltr'><strong>quod</strong></span> <span class='ocrx_word' id='word_1_156' title='bbox 676 2138 781 2196; x_wconf 90' lang='lat' dir='ltr'><strong>Nervii</strong></span> <span class='ocrx_word' id='word_1_157' title='bbox 795 2138 970 2213; x_wconf 32' lang='lat' dir='ltr'><strong>,antiquitus</strong></span> <span class='ocrx_word' id='word_1_158' title='bbox 986 2157 1078 2214; x_wconf 89' lang='lat' dir='ltr'><strong>quum</strong></span> <span class='ocrx_word' id='word_1_159' title='bbox 1098 2141 1232 2216; x_wconf 87' lang='lat' dir='ltr'><strong>equitatu</strong></span> 
     </span>
     <span class='ocr_line' id='line_1_22' title="bbox 237 2227 1232 2306; baseline 0.002 -20"><span class='ocrx_word' id='word_1_160' title='bbox 237 2230 308 2288; x_wconf 90' lang='lat' dir='ltr'><strong>nihil</strong></span> <span class='ocrx_word' id='word_1_161' title='bbox 324 2238 445 2306; x_wconf 88' lang='lat' dir='ltr'><strong>possent,</strong></span> <span class='ocrx_word' id='word_1_162' title='bbox 461 2227 571 2306; x_wconf 88' lang='lat' dir='ltr'><strong>(neque</strong></span> <span class='ocrx_word' id='word_1_163' title='bbox 590 2230 668 2286; x_wconf 88' lang='lat' dir='ltr'><strong>enim</strong></span> <span class='ocrx_word' id='word_1_164' title='bbox 682 2229 718 2286; x_wconf 88' lang='lat' dir='ltr'><strong>ad</strong></span> <span class='ocrx_word' id='word_1_165' title='bbox 733 2230 788 2288; x_wconf 87' lang='lat' dir='ltr'><strong>hcc</strong></span> <span class='ocrx_word' id='word_1_166' title='bbox 802 2237 915 2306; x_wconf 79' lang='lat' dir='ltr'><strong>tempus</strong></span> <span class='ocrx_word' id='word_1_167' title='bbox 930 2229 957 2286; x_wconf 89' lang='lat' dir='ltr'><strong>ei</strong></span> <span class='ocrx_word' id='word_1_168' title='bbox 974 2230 1016 2286; x_wconf 90' lang='lat' dir='ltr'><strong>rei</strong></span> <span class='ocrx_word' id='word_1_169' title='bbox 1029 2229 1155 2299; x_wconf 84' lang='lat' dir='ltr'><strong>student,</strong></span> <span class='ocrx_word' id='word_1_170' title='bbox 1170 2231 1232 2301; x_wconf 90' lang='lat' dir='ltr'><strong>sed,</strong></span> 
     </span>
     <span class='ocr_line' id='line_1_23' title="bbox 236 2313 1312 2398; baseline 0.002 -21"><span class='ocrx_word' id='word_1_171' title='bbox 236 2321 376 2397; x_wconf 89' lang='lat' dir='ltr'><strong>quidquid</strong></span> <span class='ocrx_word' id='word_1_172' title='bbox 405 2331 532 2398; x_wconf 87' lang='lat' dir='ltr'><strong>possunt,</strong></span> <span class='ocrx_word' id='word_1_173' title='bbox 559 2320 738 2396; x_wconf 87' lang='lat' dir='ltr'><strong>pedestribus</strong></span> <span class='ocrx_word' id='word_1_174' title='bbox 765 2321 863 2378; x_wconf 87' lang='lat' dir='ltr'><strong>valent</strong></span> <span class='ocrx_word' id='word_1_175' title='bbox 889 2319 1005 2397; x_wconf 67' lang='lat' dir='ltr'><strong>copiis)</strong></span> <span class='ocrx_word' id='word_1_176' title='bbox 1029 2339 1087 2396; x_wconf 89' lang='lat' dir='ltr'><strong>quc</strong></span> <span class='ocrx_word' id='word_1_177' title='bbox 1115 2320 1234 2379; x_wconf 86' lang='lat' dir='ltr'><strong>facilius</strong></span> <span class='ocrx_word' id='word_1_178' title='bbox 1308 2313 1312 2318; x_wconf 67' lang='grc'>’</span> 
     </span>
     <span class='ocr_line' id='line_1_24' title="bbox 237 2409 1232 2488; baseline -0.002 -20"><span class='ocrx_word' id='word_1_179' title='bbox 237 2411 424 2473; x_wconf 78' lang='lat' dir='ltr'><strong>finitimorum</strong></span> <span class='ocrx_word' id='word_1_180' title='bbox 445 2411 616 2486; x_wconf 72' lang='lat' dir='ltr'><strong>equitatum,</strong></span> <span class='ocrx_word' id='word_1_181' title='bbox 631 2411 655 2468; x_wconf 81' lang='lat' dir='ltr'><strong>ai</strong></span> <span class='ocrx_word' id='word_1_182' title='bbox 677 2409 833 2488; x_wconf 78' lang='lat' dir='ltr'><strong>praedendi</strong></span> <span class='ocrx_word' id='word_1_183' title='bbox 854 2427 945 2468; x_wconf 88' lang='lat' dir='ltr'><strong>causa</strong></span> <span class='ocrx_word' id='word_1_184' title='bbox 967 2409 1003 2473; x_wconf 91' lang='lat' dir='ltr'><strong>ad</strong></span> <span class='ocrx_word' id='word_1_185' title='bbox 1025 2429 1075 2468; x_wconf 89' lang='lat' dir='ltr'><strong>ecs</strong></span> <span class='ocrx_word' id='word_1_186' title='bbox 1097 2411 1232 2479; x_wconf 71' lang='lat' dir='ltr'><strong>venisses,</strong></span> 
     </span>
     <span class='ocr_line' id='line_1_25' title="bbox 238 2499 1232 2578; baseline -0.004 -18"><span class='ocrx_word' id='word_1_187' title='bbox 238 2501 418 2578; x_wconf 84' lang='lat' dir='ltr'><strong>impedirent,</strong></span> <span class='ocrx_word' id='word_1_188' title='bbox 432 2501 540 2561; x_wconf 89' lang='lat' dir='ltr'><strong>teneris</strong></span> <span class='ocrx_word' id='word_1_189' title='bbox 554 2499 704 2560; x_wconf 79' lang='lat' dir='ltr'><strong>arboribus</strong></span> <span class='ocrx_word' id='word_1_190' title='bbox 718 2501 817 2558; x_wconf 87' lang='lat' dir='ltr'><strong>incisis</strong></span> <span class='ocrx_word' id='word_1_191' title='bbox 840 2509 926 2574; x_wconf 86' lang='lat' dir='ltr'><strong>atque</strong></span> <span class='ocrx_word' id='word_1_192' title='bbox 941 2499 1063 2568; x_wconf 84' lang='lat' dir='ltr'><strong>inflexis,</strong></span> <span class='ocrx_word' id='word_1_193' title='bbox 1077 2499 1188 2558; x_wconf 88' lang='lat' dir='ltr'><strong>crebris</strong></span> <span class='ocrx_word' id='word_1_194' title='bbox 1202 2501 1232 2556; x_wconf 89' lang='lat' dir='ltr'><strong>in</strong></span> 
     </span>
    </p>

    <p class='ocr_par' dir='ltr' id='par_1_9' title="bbox 185 2589 1234 3020">
     <span class='ocr_line' id='line_1_26' title="bbox 185 2589 1230 2664; baseline -0.003 -16"><span class='ocrx_word' id='word_1_195' title='bbox 185 2601 225 2656; x_wconf 66' lang='lat'><strong>25</strong></span> <span class='ocrx_word' id='word_1_196' title='bbox 238 2591 421 2652; x_wconf 88' lang='lat' dir='ltr'><strong>latitudinem</strong></span> <span class='ocrx_word' id='word_1_197' title='bbox 435 2593 525 2656; x_wconf 81' lang='lat' dir='ltr'><strong>ramis</strong></span> <span class='ocrx_word' id='word_1_198' title='bbox 539 2601 567 2650; x_wconf 87' lang='lat' dir='ltr'><strong>et</strong></span> <span class='ocrx_word' id='word_1_199' title='bbox 581 2591 662 2648; x_wconf 87' lang='lat' dir='ltr'><strong>rubis</strong></span> <span class='ocrx_word' id='word_1_200' title='bbox 676 2591 861 2664; x_wconf 85' lang='lat' dir='ltr'><strong>sentibusque</strong></span> <span class='ocrx_word' id='word_1_201' title='bbox 883 2589 1051 2664; x_wconf 83' lang='lat' dir='ltr'><strong>interjectis,</strong></span> <span class='ocrx_word' id='word_1_202' title='bbox 1065 2589 1230 2660; x_wconf 83' lang='lat' dir='ltr'><strong>effecerant,</strong></span> 
     </span>
     <span class='ocr_line' id='line_1_27' title="bbox 239 2675 1233 2758; baseline -0.002 -18"><span class='ocrx_word' id='word_1_203' title='bbox 239 2693 271 2742; x_wconf 87' lang='lat' dir='ltr'><strong>ut</strong></span> <span class='ocrx_word' id='word_1_204' title='bbox 291 2681 382 2746; x_wconf 78' lang='lat' dir='ltr'><strong>instar</strong></span> <span class='ocrx_word' id='word_1_205' title='bbox 402 2683 479 2740; x_wconf 88' lang='lat' dir='ltr'><strong>muri</strong></span> <span class='ocrx_word' id='word_1_206' title='bbox 500 2682 554 2740; x_wconf 88' lang='lat' dir='ltr'><strong>bae</strong></span> <span class='ocrx_word' id='word_1_207' title='bbox 577 2697 660 2758; x_wconf 78' lang='lat' dir='ltr'><strong>sepes</strong></span> <span class='ocrx_word' id='word_1_208' title='bbox 685 2681 865 2738; x_wconf 86' lang='lat' dir='ltr'><strong>munimenta</strong></span> <span class='ocrx_word' id='word_1_209' title='bbox 887 2679 1058 2756; x_wconf 86' lang='lat' dir='ltr'><strong>praeberent</strong></span> <span class='ocrx_word' id='word_1_210' title='bbox 1067 2675 1083 2750; x_wconf 69' lang='grc' dir='ltr'><strong>ς’</strong></span> <span class='ocrx_word' id='word_1_211' title='bbox 1099 2697 1156 2754; x_wconf 92' lang='lat' dir='ltr'><strong>quo</strong></span> <span class='ocrx_word' id='word_1_212' title='bbox 1176 2697 1233 2738; x_wconf 89' lang='lat' dir='ltr'><strong>non</strong></span> 
     </span>
     <span class='ocr_line' id='line_1_28' title="bbox 239 2765 1234 2848; baseline -0.004 -18"><span class='ocrx_word' id='word_1_213' title='bbox 239 2773 322 2830; x_wconf 87' lang='lat' dir='ltr'><strong>modo</strong></span> <span class='ocrx_word' id='word_1_214' title='bbox 344 2772 456 2840; x_wconf 85' lang='lat' dir='ltr'><strong>intrari,</strong></span> <span class='ocrx_word' id='word_1_215' title='bbox 481 2771 532 2830; x_wconf 88' lang='lat' dir='ltr'><strong>sed</strong></span> <span class='ocrx_word' id='word_1_216' title='bbox 560 2789 596 2830; x_wconf 86' lang='lat' dir='ltr'><strong>na</strong></span> <span class='ocrx_word' id='word_1_217' title='bbox 624 2769 751 2848; x_wconf 86' lang='lat' dir='ltr'><strong>perspici</strong></span> <span class='ocrx_word' id='word_1_218' title='bbox 776 2769 892 2845; x_wconf 92' lang='lat' dir='ltr'><strong>quidem</strong></span> <span class='ocrx_word' id='word_1_219' title='bbox 918 2778 1021 2845; x_wconf 86' lang='lat' dir='ltr'><strong>posset.</strong></span> <span class='ocrx_word' id='word_1_220' title='bbox 1063 2765 1119 2826; x_wconf 90' lang='lat' dir='ltr'><strong>His</strong></span> <span class='ocrx_word' id='word_1_221' title='bbox 1146 2769 1234 2826; x_wconf 84' lang='lat' dir='ltr'><strong>rebus</strong></span> 
     </span>
     <span class='ocr_line' id='line_1_29' title="bbox 238 2857 1234 2936; baseline -0.002 -18"><span class='ocrx_word' id='word_1_222' title='bbox 238 2879 329 2934; x_wconf 87' lang='lat' dir='ltr'><strong>quum</strong></span> <span class='ocrx_word' id='word_1_223' title='bbox 350 2863 405 2918; x_wconf 84' lang='lat' dir='ltr'><strong>iter</strong></span> <span class='ocrx_word' id='word_1_224' title='bbox 429 2861 553 2935; x_wconf 80' lang='lat' dir='ltr'><strong>agminis</strong></span> <span class='ocrx_word' id='word_1_225' title='bbox 575 2861 664 2918; x_wconf 86' lang='lat' dir='ltr'><strong>nostri</strong></span> <span class='ocrx_word' id='word_1_226' title='bbox 686 2859 883 2936; x_wconf 87' lang='lat' dir='ltr'><strong>impediretur,</strong></span> <span class='ocrx_word' id='word_1_227' title='bbox 897 2876 954 2916; x_wconf 88' lang='lat' dir='ltr'><strong>nou</strong></span> <span class='ocrx_word' id='word_1_228' title='bbox 976 2857 1165 2916; x_wconf 83' lang='lat' dir='ltr'><strong>emittendum</strong></span> <span class='ocrx_word' id='word_1_229' title='bbox 1179 2859 1234 2916; x_wconf 83' lang='lat' dir='ltr'><strong>sibi</strong></span> 
     </span>
     <span class='ocr_line' id='line_1_30' title="bbox 239 2947 1160 3020; baseline 0.003 -16"><span class='ocrx_word' id='word_1_230' title='bbox 239 2948 392 3005; x_wconf 85' lang='lat' dir='ltr'><strong>consilium</strong></span> <span class='ocrx_word' id='word_1_231' title='bbox 409 2947 513 3004; x_wconf 89' lang='lat' dir='ltr'><strong>Nervii</strong></span> <span class='ocrx_word' id='word_1_232' title='bbox 528 2949 764 3010; x_wconf 77' lang='lat' dir='ltr'><strong>aestimaverunt.</strong></span> <span class='ocrx_word' id='word_1_233' title='bbox 811 3016 817 3020; x_wconf 36' lang='grc'><strong>,</strong></span> <span class='ocrx_word' id='word_1_234' title='bbox 1159 2971 1160 2974; x_wconf 62' lang='grc'>’</span> 
     </span>
    </p>

    <p class='ocr_par' dir='ltr' id='par_1_10' title="bbox 188 3031 1235 3474">
     <span class='ocr_line' id='line_1_31' title="bbox 188 3031 1234 3115; baseline 0.005 -24"><span class='ocrx_word' id='word_1_235' title='bbox 188 3046 226 3102; x_wconf 73' lang='grc'><strong>30</strong></span> <span class='ocrx_word' id='word_1_236' title='bbox 280 3031 390 3092; x_wconf 86' lang='lat' dir='ltr'><strong>XVIII.</strong></span> <span class='ocrx_word' id='word_1_237' title='bbox 413 3033 485 3094; x_wconf 85' lang='lat' dir='ltr'><strong>Loci</strong></span> <span class='ocrx_word' id='word_1_238' title='bbox 506 3045 688 3096; x_wconf 83' lang='lat' dir='ltr'><strong>naturserat</strong></span> <span class='ocrx_word' id='word_1_239' title='bbox 704 3039 786 3108; x_wconf 83' lang='lat' dir='ltr'><strong>haec,</strong></span> <span class='ocrx_word' id='word_1_240' title='bbox 801 3056 887 3115; x_wconf 90' lang='lat' dir='ltr'><strong>quem</strong></span> <span class='ocrx_word' id='word_1_241' title='bbox 909 3038 1005 3095; x_wconf 90' lang='lat' dir='ltr'><strong>locum</strong></span> <span class='ocrx_word' id='word_1_242' title='bbox 1027 3039 1114 3096; x_wconf 71' lang='lat' dir='ltr'><strong>numni</strong></span> <span class='ocrx_word' id='word_1_243' title='bbox 1129 3039 1234 3096; x_wconf 74' lang='lat' dir='ltr'><strong>casina</strong></span> 
     </span>
     <span class='ocr_line' id='line_1_32' title="bbox 239 3123 1234 3203; baseline 0.006 -23"><span class='ocrx_word' id='word_1_244' title='bbox 239 3123 417 3198; x_wconf 82' lang='lat' dir='ltr'><strong>delegerant.</strong></span> <span class='ocrx_word' id='word_1_245' title='bbox 459 3123 558 3193; x_wconf 84' lang='lat' dir='ltr'><strong>Collis,</strong></span> <span class='ocrx_word' id='word_1_246' title='bbox 574 3125 610 3182; x_wconf 90' lang='lat' dir='ltr'><strong>ab</strong></span> <span class='ocrx_word' id='word_1_247' title='bbox 624 3145 737 3186; x_wconf 82' lang='lat' dir='ltr'><strong>summo</strong></span> <span class='ocrx_word' id='word_1_248' title='bbox 751 3127 914 3203; x_wconf 85' lang='lat' dir='ltr'><strong>aequaliter</strong></span> <span class='ocrx_word' id='word_1_249' title='bbox 927 3125 1057 3197; x_wconf 87' lang='lat' dir='ltr'><strong>declivis,</strong></span> <span class='ocrx_word' id='word_1_250' title='bbox 1074 3127 1111 3185; x_wconf 91' lang='lat' dir='ltr'><strong>ad</strong></span> <span class='ocrx_word' id='word_1_251' title='bbox 1124 3129 1234 3186; x_wconf 80' lang='lat' dir='ltr'><strong>flumen</strong></span> 
     </span>
     <span class='ocr_line' id='line_1_33' title="bbox 239 3211 1234 3293; baseline 0.008 -25"><span class='ocrx_word' id='word_1_252' title='bbox 239 3211 349 3282; x_wconf 82' lang='lat' dir='ltr'><strong>Sabim,</strong></span> <span class='ocrx_word' id='word_1_253' title='bbox 363 3211 439 3288; x_wconf 85' lang='lat' dir='ltr'><strong>quod</strong></span> <span class='ocrx_word' id='word_1_254' title='bbox 453 3231 540 3288; x_wconf 86' lang='lat' dir='ltr'><strong>supra</strong></span> <span class='ocrx_word' id='word_1_255' title='bbox 561 3216 783 3286; x_wconf 78' lang='lat' dir='ltr'><strong>nominavimus,</strong></span> <span class='ocrx_word' id='word_1_256' title='bbox 800 3217 948 3293; x_wconf 83' lang='lat' dir='ltr'><strong>vergebat.</strong></span> <span class='ocrx_word' id='word_1_257' title='bbox 991 3217 1040 3274; x_wconf 85' lang='lat' dir='ltr'><strong>Ab</strong></span> <span class='ocrx_word' id='word_1_258' title='bbox 1060 3218 1234 3276; x_wconf 73' lang='lat' dir='ltr'><strong>columine</strong></span> 
     </span>
     <span class='ocr_line' id='line_1_34' title="bbox 240 3301 1233 3380; baseline 0.007 -22"><span class='ocrx_word' id='word_1_259' title='bbox 240 3302 302 3380; x_wconf 89' lang='lat' dir='ltr'><strong>pari</strong></span> <span class='ocrx_word' id='word_1_260' title='bbox 314 3301 477 3360; x_wconf 86' lang='lat' dir='ltr'><strong>acclivitate</strong></span> <span class='ocrx_word' id='word_1_261' title='bbox 491 3303 574 3360; x_wconf 84' lang='lat' dir='ltr'><strong>collis</strong></span> <span class='ocrx_word' id='word_1_262' title='bbox 584 3305 768 3375; x_wconf 87' lang='lat' dir='ltr'><strong>nascebatur,</strong></span> <span class='ocrx_word' id='word_1_263' title='bbox 781 3307 921 3364; x_wconf 65' lang='lat' dir='ltr'><strong>mucrene</strong></span> <span class='ocrx_word' id='word_1_264' title='bbox 934 3307 1004 3365; x_wconf 89' lang='lat' dir='ltr'><strong>huic</strong></span> <span class='ocrx_word' id='word_1_265' title='bbox 1018 3317 1047 3364; x_wconf 89' lang='lat' dir='ltr'><strong>et</strong></span> <span class='ocrx_word' id='word_1_266' title='bbox 1060 3309 1233 3378; x_wconf 87' lang='lat' dir='ltr'><strong>contrarius,</strong></span> 
     </span>
     <span class='ocr_line' id='line_1_35' title="bbox 240 3392 1235 3474; baseline 0.004 -20"><span class='ocrx_word' id='word_1_267' title='bbox 240 3412 342 3474; x_wconf 87' lang='lat' dir='ltr'><strong>passus</strong></span> <span class='ocrx_word' id='word_1_268' title='bbox 363 3393 480 3452; x_wconf 86' lang='lat' dir='ltr'><strong>circiter</strong></span> <span class='ocrx_word' id='word_1_269' title='bbox 500 3392 647 3464; x_wconf 84' lang='lat' dir='ltr'><strong>ducentos,</strong></span> <span class='ocrx_word' id='word_1_270' title='bbox 661 3395 764 3454; x_wconf 85' lang='lat' dir='ltr'><strong>infima</strong></span> <span class='ocrx_word' id='word_1_271' title='bbox 783 3409 909 3473; x_wconf 84' lang='lat' dir='ltr'><strong>apertus,</strong></span> <span class='ocrx_word' id='word_1_272' title='bbox 926 3398 962 3455; x_wconf 87' lang='lat' dir='ltr'><strong>eb</strong></span> <span class='ocrx_word' id='word_1_273' title='bbox 983 3398 1131 3474; x_wconf 87' lang='lat' dir='ltr'><strong>superiore</strong></span> <span class='ocrx_word' id='word_1_274' title='bbox 1153 3409 1235 3474; x_wconf 81' lang='lat' dir='ltr'><strong>perte</strong></span> 
     </span>
    </p>

    <p class='ocr_par' dir='ltr' id='par_1_11' title="bbox 188 3483 1234 3832">
     <span class='ocr_line' id='line_1_36' title="bbox 188 3483 1234 3566; baseline 0.002 -22"><span class='ocrx_word' id='word_1_275' title='bbox 188 3493 226 3552; x_wconf 76' lang='lat'><strong>85</strong></span> <span class='ocrx_word' id='word_1_276' title='bbox 237 3486 388 3556; x_wconf 86' lang='lat' dir='ltr'><strong>silvestris,</strong></span> <span class='ocrx_word' id='word_1_277' title='bbox 403 3493 435 3542; x_wconf 90' lang='lat' dir='ltr'><strong>ut</strong></span> <span class='ocrx_word' id='word_1_278' title='bbox 456 3501 512 3542; x_wconf 89' lang='lat' dir='ltr'><strong>nou</strong></span> <span class='ocrx_word' id='word_1_279' title='bbox 534 3483 619 3545; x_wconf 81' lang='lat' dir='ltr'><strong>facile</strong></span> <span class='ocrx_word' id='word_1_280' title='bbox 641 3485 782 3544; x_wconf 85' lang='lat' dir='ltr'><strong>introrsus</strong></span> <span class='ocrx_word' id='word_1_281' title='bbox 805 3489 928 3564; x_wconf 86' lang='lat' dir='ltr'><strong>perspici</strong></span> <span class='ocrx_word' id='word_1_282' title='bbox 943 3499 1046 3566; x_wconf 86' lang='lat' dir='ltr'><strong>posset.</strong></span> <span class='ocrx_word' id='word_1_283' title='bbox 1089 3486 1169 3546; x_wconf 85' lang='lat' dir='ltr'><strong>intra</strong></span> <span class='ocrx_word' id='word_1_284' title='bbox 1183 3507 1234 3546; x_wconf 84' lang='lat' dir='ltr'><strong>eas</strong></span> 
     </span>
     <span class='ocr_line' id='line_1_37' title="bbox 239 3573 1234 3653; baseline -0.001 -17"><span class='ocrx_word' id='word_1_285' title='bbox 239 3577 337 3647; x_wconf 85' lang='lat' dir='ltr'><strong>silvas,</strong></span> <span class='ocrx_word' id='word_1_286' title='bbox 359 3575 482 3635; x_wconf 84' lang='lat' dir='ltr'><strong>bostas&#39;</strong></span> <span class='ocrx_word' id='word_1_287' title='bbox 475 3593 505 3632; x_wconf 89' lang='lat' dir='ltr'><strong>ru</strong></span> <span class='ocrx_word' id='word_1_288' title='bbox 533 3573 649 3632; x_wconf 87' lang='lat' dir='ltr'><strong>occulto</strong></span> <span class='ocrx_word' id='word_1_289' title='bbox 672 3593 735 3632; x_wconf 86' lang='lat' dir='ltr'><strong>sese</strong></span> <span class='ocrx_word' id='word_1_290' title='bbox 763 3576 964 3636; x_wconf 83' lang='lat' dir='ltr'><strong>continebant:</strong></span> <span class='ocrx_word' id='word_1_291' title='bbox 995 3579 1024 3636; x_wconf 90' lang='lat' dir='ltr'><strong>in</strong></span> <span class='ocrx_word' id='word_1_292' title='bbox 1047 3587 1146 3653; x_wconf 82' lang='lat' dir='ltr'><strong>aperto</strong></span> <span class='ocrx_word' id='word_1_293' title='bbox 1169 3578 1234 3635; x_wconf 91' lang='lat' dir='ltr'><strong>loco</strong></span> 
     </span>
     <span class='ocr_line' id='line_1_38' title="bbox 239 3664 1235 3741; baseline -0.002 -15"><span class='ocrx_word' id='word_1_294' title='bbox 239 3665 400 3726; x_wconf 82' lang='lat' dir='ltr'><strong>secuudum</strong></span> <span class='ocrx_word' id='word_1_295' title='bbox 414 3666 523 3724; x_wconf 84' lang='lat' dir='ltr'><strong>flumen</strong></span> <span class='ocrx_word' id='word_1_296' title='bbox 538 3683 649 3741; x_wconf 85' lang='lat' dir='ltr'><strong>paucae</strong></span> <span class='ocrx_word' id='word_1_297' title='bbox 663 3664 800 3722; x_wconf 86' lang='lat' dir='ltr'><strong>stationes</strong></span> <span class='ocrx_word' id='word_1_298' title='bbox 813 3667 942 3741; x_wconf 90' lang='lat' dir='ltr'><strong>equiturn</strong></span> <span class='ocrx_word' id='word_1_299' title='bbox 958 3667 1139 3725; x_wconf 86' lang='lat' dir='ltr'><strong>videbantur</strong></span> <span class='ocrx_word' id='word_1_300' title='bbox 1162 3666 1235 3725; x_wconf 81' lang='lat' dir='ltr'><strong>Flu</strong></span> 
     </span>
     <span class='ocr_line' id='line_1_39' title="bbox 240 3755 901 3832; baseline 0 -20"><span class='ocrx_word' id='word_1_301' title='bbox 240 3757 326 3812; x_wconf 75' lang='lat' dir='ltr'><strong>niuis</strong></span> <span class='ocrx_word' id='word_1_302' title='bbox 339 3766 402 3814; x_wconf 84' lang='lat' dir='ltr'><strong>eret</strong></span> <span class='ocrx_word' id='word_1_303' title='bbox 416 3755 537 3814; x_wconf 86' lang='lat' dir='ltr'><strong>altitudo</strong></span> <span class='ocrx_word' id='word_1_304' title='bbox 551 3755 658 3832; x_wconf 87' lang='lat' dir='ltr'><strong>pedum</strong></span> <span class='ocrx_word' id='word_1_305' title='bbox 671 3755 789 3814; x_wconf 83' lang='lat' dir='ltr'><strong>circiter</strong></span> <span class='ocrx_word' id='word_1_306' title='bbox 803 3755 901 3812; x_wconf 87' lang='lat' dir='ltr'><strong>trium.</strong></span> 
     </span>
    </p>

    <p class='ocr_par' dir='ltr' id='par_1_12' title="bbox 281 3811 1235 3923">
     <span class='ocr_line' id='line_1_40' title="bbox 281 3811 1235 3923; baseline 0.008 -23"><span class='ocrx_word' id='word_1_307' title='bbox 281 3843 362 3902; x_wconf 86' lang='lat' dir='ltr'><strong>XIX</strong></span> <span class='ocrx_word' id='word_1_308' title='bbox 384 3845 503 3916; x_wconf 74' lang='lat' dir='ltr'><strong>Caesar,</strong></span> <span class='ocrx_word' id='word_1_309' title='bbox 519 3846 648 3922; x_wconf 89' lang='lat' dir='ltr'><strong>equitatu</strong></span> <span class='ocrx_word' id='word_1_310' title='bbox 670 3846 836 3923; x_wconf 81' lang='lat' dir='ltr'><strong>praemisso,</strong></span> <span class='ocrx_word' id='word_1_311' title='bbox 852 3845 1087 3922; x_wconf 70' lang='lat' dir='ltr'><strong>subsequebatur</strong></span> <span class='ocrx_word' id='word_1_312' title='bbox 1094 3811 1235 3908; x_wconf 67' lang='lat' dir='ltr'><strong>militibus</strong></span> 
     </span>
    </p>
   </div>
   <div class='ocr_carea' id='block_1_5' title="bbox 0 0 1426 4326">
    <p class='ocr_par' dir='ltr' id='par_1_13' title="bbox 0 0 1426 4326">
     <span class='ocr_line' id='line_1_41' title="bbox 0 0 1426 4326; baseline 0 0"><span class='ocrx_word' id='word_1_313' title='bbox 0 0 1426 4326; x_wconf 95' lang='lat' dir='ltr'><strong> </strong></span> 
     </span>
    </p>
   </div>
  </div>
 </body>
</html>
