2826 4336
180 281 242 342 ltu
534 281 579 332 nn
595 279 703 329 nnnw
716 277 862 331 oanuoo
1073 274 1143 330 [cn.
1152 279 1226 322 see.

231 427 334 506 augeri
347 425 446 504 copias
460 422 578 490 rideret,
594 427 803 498 praemetuens
810 416 880 485 suia,
896 413 933 472 ad
947 411 985 472 T.
1001 411 1135 470 Sextium
1149 411 1228 492 lega-

230 527 302 584 tum,
317 533 404 592 quern
425 512 585 572 minoribus
605 509 709 574 castris
724 505 868 583 praesidio
888 503 1056 579 reliquerat,
1079 503 1174 572 mittit,
1197 515 1229 562 ut

231 607 363 666 cobortes
377 623 414 662 ex
427 602 532 663 castris
546 599 683 665 celeriter
703 597 849 665 educeret,
865 604 895 652 et
908 594 963 652 sub
977 593 1078 650 infimo
1096 593 1171 650 colle
1193 593 1230 650 ab

231 695 331 756 dextm
355 695 446 752 letare
471 691 595 752 hostium
620 688 827 746 constitueret:
852 694 893 754 ut,
919 683 944 740 si
964 692 1074 742 nostroe
1094 682 1231 759 depulsos

200 784 295 848 eloco
308 783 434 854 vidisset,
449 801 507 860 quo
521 781 619 838 minus
632 777 724 836 libere
739 777 835 834 hostes
848 775 1081 850 insequerentur,
1095 782 1227 830 terreret.

231 873 296 952 lpse
310 874 436 951 paulum
445 891 481 930 ex
496 891 530 930 eo
543 870 608 928 loco
628 885 698 926 cum
721 865 837 943 legione
859 881 1043 942 progressus,
1059 863 1109 921 ubi
1123 863 1229 921 consti-

231 974 314 1034 terat,
329 973 466 1022 eventum
480 978 597 1038 pugnae
612 955 808 1036 exspectabat.

272 1053 310 1112 L.
333 1053 436 1119 Quum
457 1052 599 1112 ecerrime
621 1047 755 1106 cominus
779 1055 968 1122 pugnaretur,
993 1045 1090 1102 hostes
1117 1044 1181 1103 loco
1201 1055 1230 1106 et

232 1161 363 1213 nutriero,
378 1143 468 1200 nostri
482 1142 588 1199 virtute
603 1136 799 1208 confiderent;
815 1135 911 1196 subito
922 1145 992 1195 sunt
1006 1135 1106 1197 Aedui
1117 1135 1182 1204 visi,
1193 1135 1230 1193 ab

183 1239 220 1300 10
233 1232 323 1290 latare
335 1233 439 1290 nostris
450 1239 556 1308 aperto,
568 1247 640 1304 quos
651 1227 761 1285 Caesar
771 1226 808 1282 ab
818 1225 919 1283 dextra
933 1235 1013 1302 parte
1028 1223 1086 1283 alio
1096 1243 1229 1294 escensu

233 1341 338 1380 manus
352 1320 530 1380 distinendae
540 1335 641 1387 cansa,
653 1317 781 1374 miserat.
823 1313 864 1372 Hi
879 1314 1067 1376 similitudine
1081 1331 1230 1378 armorum

233 1413 420 1471 vehementer
433 1421 544 1470 nostros
555 1413 789 1485 perterruerunt:
805 1423 851 1474 ao,
859 1406 974 1465 tametsi
985 1404 1093 1465 dextris
1102 1405 1231 1462 humeris

233 1503 355 1560 exsertis
379 1498 690 1566 animadvertebantur,
705 1493 781 1571 quod
802 1493 915 1570 insigne
936 1503 1073 1570 pacatum
1086 1511 1149 1552 esse
1158 1511 1229 1552 oon-

233 1600 341 1658 suerat,
356 1600 453 1648 tamen
467 1588 497 1646 id
510 1589 606 1663 ipsum
619 1587 665 1644 sui
681 1583 801 1642 fallendi
813 1602 906 1642 causa
929 1583 1037 1642 milites
1051 1583 1088 1642 ab
1101 1583 1231 1641 hostibus

184 1685 220 1742 to
234 1677 343 1736 fectum
367 1677 581 1736 existimabant.
624 1674 736 1732 Eodem
757 1683 886 1751 tempore
906 1672 944 1732 L.
965 1673 1078 1732 Fabius
1088 1675 1230 1742 centurio,

233 1770 342 1844 quique
357 1783 416 1824 una
430 1783 547 1824 murum
563 1765 762 1834 ascenderant,
778 1765 971 1822 circumventi
987 1771 1075 1840 etque
1089 1762 1230 1823 interiecti

233 1853 268 1914 de
283 1873 369 1914 muro
381 1855 619 1931 praecipitantur.
661 1852 703 1910 M.
721 1853 861 1924 Petreius,
875 1854 1007 1930 ejusdam
1028 1855 1150 1932 legionis
1163 1873 1230 1912 cen-

232 1945 318 2014 turio,
342 1961 433 2018 quum
462 1953 559 2020 portas
585 1942 721 2002 excidere
749 1954 871 2002 meatus
895 1955 980 2015 esset,
1006 1964 1024 2002 a
1048 1944 1231 2002 multitudiue

231 2051 394 2110 oppressus,
409 2051 446 2092 ec
460 2031 515 2090 sibi
528 2031 694 2108 desperans,
711 2031 810 2092 multis
832 2032 894 2108 jam
909 2035 1079 2094 vulneribus
1094 2035 1229 2110 acceptis,

180 2131 222 2190 zo
233 2123 464 2199 manipularibus
477 2123 547 2192 suis,
559 2123 610 2198 qui
624 2123 708 2180 illum
722 2119 817 2184 secuti
831 2134 931 2196 erent:
954 2125 1111 2194 Quoniam,
1127 2125 1240 2201 inquit,-

232 2233 280 2272 me
294 2231 353 2272 une
368 2213 517 2273 vobiscum
535 2229 654 2270 servare
675 2233 732 2275 non
753 2229 879 2292 possum,
895 2225 1011 2273 vestrae
1022 2214 1138 2289 quidem
1152 2226 1231 2274 certe

233 2303 320 2364 sabin
335 2303 517 2379 prospiciam,
531 2320 603 2378 quos
617 2303 774 2379 cupiditate
794 2303 904 2381 gloriae
918 2304 1061 2367 adductus
1073 2305 1103 2362 in
1118 2306 1230 2380 pericu-

166 2403 169 2410 ’
233 2393 295 2453 lum
309 2393 426 2452 deduxi.
467 2391 538 2462 Vos,
553 2391 621 2450 data
635 2389 783 2462 facultate,
799 2393 879 2450 vobis
893 2393 1044 2452 consulite.
1087 2393 1180 2450 Simul
1200 2395 1232 2450 in

232 2484 342 2542 medios
355 2484 451 2542 hostes
470 2482 585 2560 irrupit,
599 2481 771 2559 duobusque
793 2481 962 2553 interfectis,
978 2484 1105 2560 reliquos
1118 2504 1136 2541 a
1150 2496 1231 2560 porta

178 2583 221 2638 25
233 2575 353 2652 paulurn
366 2575 520 2634 submovit.
561 2573 739 2632 Conantibus
754 2574 891 2632 auxiliari
905 2575 974 2645 ruis,
985 2575 1115 2646 Frustra,
1127 2577 1230 2652 inquit,

232 2683 315 2724 meae
330 2666 406 2722 vitae
420 2664 577 2722 subuenire
597 2665 752 2734 conemini,
768 2682 856 2739 quem
878 2663 939 2740 jam
961 2666 1081 2744 sanguis
1095 2666 1230 2742 viresque

232 2753 381 2815 deficiunt.
423 2753 546 2812 Proinde
567 2753 636 2812 binc
657 2753 742 2824 abite,
757 2752 828 2811 dum
849 2763 893 2812 eet
915 2753 1050 2824 facultas,
1065 2773 1172 2830 vosque
1194 2755 1230 2812 ad

152 2909 160 2918 ι
231 2840 374 2916 legionem
386 2843 515 2917 recipite.
558 2841 602 2902 lta
613 2861 755 2921 pugnans,
768 2853 834 2920 post
843 2843 964 2920 paulurn
977 2843 1111 2915 concidit,
1123 2863 1158 2902 eo
1169 2846 1231 2903 suis

232 2928 319 2987 saluti
334 2926 399 2984 fuit.
1222 2925 1226 2932 '

181 3019 220 3076 30
273 3014 324 3072 Ll.
347 3013 456 3088 Nostri,
471 3037 563 3093 quum
585 3020 712 3098 undique
733 3031 942 3099 premerentur,
961 3037 1034 3083 ωτι
1056 3026 1229 3084 centurioni·

232 3103 288 3162 bus
301 3103 424 3172 amissis,
438 3105 545 3181 dejecti
558 3119 626 3166 sunt
646 3109 726 3168 loon:
748 3111 799 3168 sed
819 3113 1019 3171 intolerantius
1034 3114 1134 3173 Gallos
1155 3117 1229 3174 inee-

231 3191 450 3273 quentesllegio
470 3211 491 3252 1
511 3195 644 3267 tardavit,
664 3218 741 3276 quae
763 3219 815 3276 pro
836 3202 963 3262 subsidio
985 3203 1072 3280 paulo
1092 3205 1230 3280 aequiore

232 3281 296 3340 loco
317 3282 493 3346 constiterat
535 3283 622 3342 Hanc
645 3305 747 3346 rursus
770 3307 826 3348 xm
849 3291 972 3370 legionis
991 3293 1123 3350 cohortes
1144 3311 1230 3352 exce-

233 3380 346 3450 perunt,
366 3389 453 3448 quae,
474 3389 511 3430 ex
532 3374 640 3432 castris
659 3377 818 3436 minoribus
839 3379 972 3451 eductae,
987 3401 1056 3439 cum
1078 3381 1115 3440 T.
1132 3383 1232 3442 Sextio

181 3467 220 3524 35
233 3461 330 3540 legato
352 3470 489 3536 ceperant
510 3461 607 3520 locum
629 3466 817 3541 superiorem.
861 3469 1016 3546 Legiones,
1032 3472 1082 3528 ubi
1103 3474 1231 3547 primum

233 3551 380 3625 planitiem
396 3551 562 3628 ettigerunt
575 3551 687 3612 infestis
701 3566 801 3614 contra
815 3557 910 3616 hostes
923 3561 1015 3636 signis
1030 3562 1231 3622 constiterunt.

233 3637 458 3717 Vercingetorix
480 3643 517 3700 ab
538 3643 686 3702 radicibus
707 3645 791 3704 c'ollis
812 3665 880 3706 suos
900 3649 977 3708 intra
998 3652 1172 3709 munitiones
1187 3671 1231 3712 re·

233 3725 324 3784 duxit.
367 3729 413 3786 Eo
426 3730 472 3790 die
489 3734 594 3794 milites
608 3746 675 3792 sunt
690 3734 777 3810 paulo
791 3737 888 3794 minus
903 3755 955 3796 nco
971 3739 1134 3798 desiderati.

272 3814 339 3888 Lll.
362 3817 478 3878 Postero
502 3821 549 3884 die
568 3823 685 3894 Caesar,
709 3825 846 3882 cendone
868 3825 1020 3896 advocata,
1038 3830 1237 3898 temeritatem.
