2826 4336
168 285 324 340 ore-mm]
547 282 644 342 men
668 285 835 334 erremus
1158 283 1214 347 141

167 432 262 480 erunt.
305 421 409 496 Quum
442 421 469 478 is
502 439 620 480 murum
647 423 771 482 hostiurn
799 441 892 502 paene
919 426 1106 504 contingeret,
1135 439 1164 488 et

166 511 275 570 Caesar
296 511 332 568 ad
353 529 426 586 opus
446 511 654 570 consuetudine
675 513 841 583 excubaret,
857 515 1020 592 militesque
1034 517 1161 576 cohorte,

167 611 256 671 retur,
277 620 315 658 ne
335 599 411 676 quod
433 601 548 658 omnino
577 610 690 677 tempus
719 602 755 660 eb
785 621 872 679 opere
902 604 1160 682 intermitteretum·¹

167 691 254 766 peulo
268 699 334 748 ante
355 691 470 747 tertiam
492 691 623 767 vigiliam
645 701 688 748 est
709 691 954 766 animadversum,
975 693 1088 752 sumere
1112 715 1160 774 ng.

166 797 276 855 gerem,
291 798 377 854 quem
391 779 530 837 cuniculo
550 780 647 838 hostes
667 780 897 840 succenderent:
919 782 1077 859 eodemque
1091 794 1192 846 tem-d

166 886 235 946 pore
256 877 312 926 toto
332 887 415 926 muro
436 868 564 926 clamore
592 869 714 938 sublato,
736 869 849 928 duabus
872 872 960 948 portis
981 873 1018 930 ab
1039 883 1160 952 utreque

165 957 257 1016 letere
272 959 395 1016 turrium
409 959 521 1035 eruptio
535 958 633 1016 fiebet.
675 959 738 1024 Alii
754 958 833 1019 faces
847 971 933 1036 etque
948 962 1060 1020 aridam
1069 977 1158 1038 mete·

165 1048 237 1106 riem
269 1048 304 1106 de
336 1067 418 1107 muro
449 1049 479 1106 in
509 1067 647 1126 aggerem
675 1050 790 1108 eminus
807 1050 964 1126 jaciebant,
990 1053 1084 1128 picem
1109 1054 1160 1112 elii

165 1137 349 1212 reliquosque
371 1157 426 1207 res,
441 1139 546 1214 quibus
564 1139 640 1214 ignis
659 1140 780 1196 excitari
801 1149 901 1216 potest,
917 1138 1094 1214 fundebant3
1118 1153 1158 1212 ut,
1233 1175 1235 1180 v

163 1245 222 1302 quo
241 1228 367 1304 primum
387 1237 599 1304 occurreretur,
615 1239 666 1286 eut
679 1229 729 1286 cui
744 1229 786 1286 rei
801 1228 925 1285 serretur
944 1230 1094 1299 auxilium,
1110 1232 1159 1286 vix
1175 1237 1211 1294 10

163 1316 235 1376 ratio
249 1316 315 1374 iniri
330 1326 434 1392 posset.
477 1316 600 1386 Tamen,
611 1315 685 1392 quod
701 1317 832 1375 instituto
846 1316 981 1374 Caesaris
995 1317 1071 1376 duae
1085 1337 1158 1377 sem·

163 1423 213 1480 per
227 1406 356 1482 legiones
370 1424 421 1481 pro
435 1405 538 1464 castris
551 1407 743 1476 excubabant,
756 1405 912 1482 pluresque
926 1407 1038 1482 partitis
1051 1417 1158 1484 tempo-

163 1495 242 1552 ribus
255 1503 338 1554 ersnt
352 1496 383 1552 in
396 1513 491 1571 opere,
507 1495 641 1554 celeriter
656 1494 766 1554 lactum
780 1506 832 1565 est,
849 1505 880 1554 ut
894 1495 944 1552 elii
962 1497 1159 1574 eruptionibus

163 1585 336 1654 resisterent,
360 1585 410 1642 alii
432 1594 525 1642 turres
549 1585 731 1654 reducerent,
753 1603 947 1662 aggeremque
972 1585 1157 1646 interscinde·

164 1683 234 1744 rent,
249 1676 341 1732 omnis
355 1691 424 1732 vero
438 1693 475 1732 ex
488 1675 591 1734 cestris
610 1675 763 1734 multitudo
782 1673 819 1732 sd
840 1675 1077 1752 restinguendum
1091 1695 1156 1734 con·
1173 1683 1209 1738 15

162 1775 301 1823 curreret.

203 1853 299 1912 XXV.
327 1855 429 1921 Quum
454 1857 484 1912 in
508 1857 642 1914 omnibus
665 1857 745 1926 locis,
768 1867 938 1933 consumpte
959 1857 1021 1934 jem
1045 1858 1157 1934 relique

162 1946 363 2020 pertenentis,
385 1956 574 2023 pugnaretur,
595 1962 766 2023 semperque
787 1947 915 2006 bestibus
935 1967 999 2024 spes
1020 1949 1157 2006 victoriae

164 2033 414 2111 redintegraretur,
444 2055 479 2092 eo
510 2036 612 2112 magis,
642 2035 718 2110 quod
747 2035 862 2094 deustos
890 2037 1001 2113 pluteos
1031 2037 1156 2096 turrium

161 2121 304 2193 videbant,
314 2142 369 2182 nec
379 2124 464 2182 facile
476 2124 556 2182 adire
566 2134 679 2201 apertos
690 2125 726 2184 ed
737 2126 937 2184 auxiliandum
947 2125 1154 2190 animadverte·
1168 2128 1209 2184 20

120 2239 123 2246 ·
161 2209 247 2284 bant3
265 2233 434 2289 semperque
443 2215 498 2291 ipsi
507 2225 637 2272 recentes
646 2213 766 2272 defessis
774 2215 973 2286 succederent,
982 2233 1156 2294 omnemque

162 2301 277 2360 Gelliee
288 2304 412 2364 salutem
420 2305 449 2361 in
458 2303 509 2362 illo
517 2303 638 2380 vestigio
648 2306 784 2380 temporis
795 2307 915 2381 positam
927 2303 1153 2378 arbitrarentur3

161 2392 274 2462 accidit,
290 2393 516 2468 inspectantibus
537 2395 628 2464 nobie,
643 2394 729 2470 quod,
748 2393 869 2470 dignum
890 2395 1030 2451 memorie
1050 2395 1154 2465 visum,

160 2483 445 2556 praetermittendum
465 2502 521 2542 non
542 2485 780 2542 existimavimus.
822 2482 951 2549 Quidem
965 2491 1031 2538 ente
1046 2492 1155 2556 portem

159 2571 254 2647 oppidi
269 2571 383 2643 Gallus,
397 2574 449 2648 qui
463 2591 515 2650 per
528 2592 632 2633 manus
645 2575 708 2632 sevi
722 2591 757 2631 ac
772 2573 844 2650 picis
864 2571 983 2628 tredites
1003 2570 1105 2646 glebas
1124 2571 1155 2628 in
1168 2579 1207 2634 25

159 2662 257 2738 ignem
271 2681 288 2720 e
303 2665 419 2740 regione
433 2665 522 2722 turris
542 2664 718 2740 projiciebat,
734 2664 883 2739 scorpione
899 2661 936 2718 ab
950 2661 1041 2718 letere
1056 2659 1155 2718 dextro

160 2752 299 2828 trajectus
319 2754 558 2830 exanimatusque
579 2754 715 2813 concidit.
757 2751 846 2812 Hunc
867 2771 902 2809 ex
924 2750 1060 2827 proximis
1080 2769 1155 2838 unus

157 2840 303 2916 jacentem
314 2851 520 2920 transgressus,
533 2839 633 2902 eodem
644 2844 695 2901 illo
709 2861 829 2900 munere
845 2841 1039 2918 fungebatur:
1054 2839 1155 2902 endem

161 2931 272 2990 ratione
294 2932 354 2990 ictu
376 2934 535 3009 scorpionis
555 2934 718 2992 exanimato
732 2933 832 3004 eltero,
848 2932 988 2992 successit
1002 2932 1111 3002 tertius,
1126 2942 1155 2992 et

161 3022 244 3078 tertio
265 3032 407 3097 quartus3
430 3041 485 3080 nec
506 3024 586 3100 prius
606 3023 657 3081 ille
676 3033 719 3082 est
738 3023 1028 3100 epropugnetoribus
1042 3041 1154 3082 vecuus
1167 3034 1207 3092 30

162 3109 281 3168 relictus
295 3110 385 3182 locus,
401 3131 498 3188 quem,
514 3113 650 3170 restincto
671 3131 787 3190 aggere,
802 3123 888 3189 etque
902 3113 980 3170 omni
994 3123 1074 3189 perte
1088 3115 1152 3172 sub-

161 3200 244 3256 motis
258 3200 395 3269 hostibus,
410 3201 476 3258 linis
490 3211 534 3260 est
547 3201 694 3278 pugnandi
709 3201 813 3262 factus.

202 3287 313 3348 XXVI.
336 3289 443 3348 Omnia
465 3292 575 3366 experti
598 3289 689 3360 Gelli,
703 3291 780 3366 quod
801 3311 848 3350 res
867 3293 950 3352 nulle
963 3304 1153 3363 successerat,

162 3387 272 3453 postero
286 3379 332 3438 die
346 3381 500 3438 consilium
514 3388 653 3458 ceperunt
667 3399 704 3438 ex
721 3381 824 3457 oppido
844 3382 1007 3460 profugere,
1023 3383 1154 3440 hortante

161 3477 190 3524 et
211 3467 330 3542 jubente
352 3469 600 3547 Vercingetorige.
643 3470 684 3540 Id,
710 3472 823 3530 silentio
850 3473 941 3532 noctis
968 3471 1073 3538 conati,
1098 3487 1154 3528 non
1169 3481 1208 3536 ³5
1291 3543 1294 3552 Δ

160 3575 268 3633 magne
279 3559 397 3634 jactura
411 3577 530 3618 suorum
550 3579 614 3618 sese
635 3560 788 3618 effecturos
808 3562 983 3638 sperabant3
1006 3565 1155 3634 propterea

158 3646 237 3720 quod
259 3665 354 3723 neque
375 3648 461 3726 longe
482 3650 519 3706 sb
538 3649 640 3724 oppido
654 3661 749 3708 castra
763 3645 1011 3724 Vercingetorigis
1026 3643 1157 3714 aberent,¹

162 3744 190 3792 et
211 3736 295 3811 palus
316 3748 464 3813 perpetus,
479 3757 554 3814 quae
575 3739 778 3805 intercedebat,
794 3737 939 3794 Romanos
954 3731 991 3790 ed
1003 3733 1155 3806 insequen-

161 3821 232 3882 dum
245 3825 386 3888 tsrdebet.
427 3826 550 3904 Jemque
565 3828 618 3888 hcc
638 3827 736 3886 facere
757 3835 843 3884 noctu
865 3820 1050 3897 apparebant,
1065 3837 1156 3896 quum
