2844 4340
166 291 320 347 cesama]
405 297 407 303 ’
549 289 646 340 LIBER
663 289 830 338 sumnus,
1153 281 1214 338 tra

166 439 270 505 tuaque
284 438 337 498 est,
352 427 400 485 Ne
415 433 446 485 se
460 425 613 486 admodum
634 428 729 485 animo
750 427 941 496 demitterent,
955 435 1041 484 neue·
1050 437 1159 504 pertur-

167 519 305 576 barentur
325 516 523 574 incommodo:
544 535 601 574 non
617 518 721 574 virtute
741 535 836 592 neque
856 517 886 573 in
906 517 969 574 acie
984 516 1089 574 vicisse
1104 515 1160 573 Ro·

168 626 276 676 manos,
291 606 341 664 sed
355 605 479 662 artificio
491 604 615 680 quodam
636 616 665 663 et
684 605 807 664 scientia
826 606 1054 682 oppugnationis,
1075 606 1162 681 cujus

168 697 210 754 rei
224 696 332 754 fuerint
345 696 400 770 ipsi
414 695 558 771 imperiti:
580 713 688 764 errare,
703 695 727 752 si
747 695 797 771 qui
811 695 841 752 in
856 695 931 752 bello
944 713 1045 752 omnes
1058 713 1160 751 secun-
1263 703 1267 712 '

169 785 218 844 dos
238 803 336 843 rerum
358 792 512 860 proventus
532 793 718 860 exspectent:
749 784 804 840 sibi
828 798 978 858 nunquam
1006 784 1193 859 placuisse-'1

169 876 331 934 Avaricum
345 872 468 954 defendi,
480 873 566 948 cujus
579 874 622 931 rei
635 882 721 930 testes
734 874 810 950 ipsos
824 873 943 932 haberet
955 893 963 945 3
986 873 1036 932 sed
1052 871 1161 931 iactum

169 963 360 1040 imprudentia
374 962 548 1038 Biturigum,
563 973 592 1020 et
605 963 696 1020 nimia
709 963 896 1038 obsequentia
917 963 1103 1039 reliquorum,
1120 964 1162 1020 uti

170 1055 222 1112 hoc
233 1052 446 1110 incommodum
457 1053 655 1128 acciperetur:
670 1051 699 1108 id
709 1062 806 1109 tamen
817 1071 848 1108 se
858 1052 992 1110 celeriter
1006 1052 1163 1128 majoribus

170 1140 325 1206 commodis
338 1150 517 1199 sanaturum.
558 1139 638 1198 Nam
652 1160 728 1215 quae
743 1141 779 1198 ab
794 1141 913 1216 reliquis
925 1140 1020 1198 Gallis
1031 1142 1163 1198 civitates

171 1232 361 1299 dissentirent,
388 1231 440 1288 has
467 1247 521 1288 sua
549 1229 699 1306 diligentie
729 1229 943 1303 adjuncturum
966 1238 1051 1302 atque
1072 1245 1163 1284 unum
1178 1233 1215 1288 10

171 1321 323 1382 consilium
337 1319 424 1376 totius
439 1317 554 1376 Galliae
569 1317 755 1386 effecturum,
766 1317 852 1392 cujus
866 1319 1008 1374 consensu
1029 1333 1066 1372 ne
1087 1315 1164 1372 orbis

171 1410 287 1485 quidem
300 1419 444 1466 terrarum
456 1409 542 1484 possit
552 1408 690 1466 obsistere
703 1428 710 1463 τ
724 1405 810 1480 idque
821 1425 852 1462 se
863 1423 948 1481 prope
956 1404 1017 1479 jam
1028 1403 1183 1484 effectum,

172 1500 288 1558 hebere.
330 1496 444 1554 interce
459 1515 586 1572 aequum
599 1515 672 1566 esse,
684 1495 721 1552 ab
734 1495 770 1556 iis
784 1494 946 1552 communis
957 1493 1063 1551 salutis
1074 1513 1165 1552 causa

172 1588 327 1665 inpetrari,
343 1597 375 1646 ut
396 1595 493 1644 castra
506 1587 620 1643 munire
635 1586 827 1654 instituerent,
842 1601 899 1660 quo
913 1581 1028 1642 facilius
1043 1585 1164 1660 repenti-

172 1695 223 1738 nos
236 1677 360 1735 hostium
374 1677 498 1752 impetus
512 1676 655 1733 sustinere
671 1685 795 1752 possent.
1181 1679 1216 1734 1⁵

212 1765 308 1824 XXX.
330 1766 400 1824 Fuit
419 1766 493 1823 haec
512 1765 603 1823 oratio
618 1783 675 1822 non
693 1765 807 1842 ingrata
822 1762 926 1834 Gallis,
941 1765 1075 1835 maxime,
1090 1764 1166 1841 quod

172 1859 233 1933 ipse
247 1858 342 1914 animo
356 1873 412 1914 non
426 1853 581 1925 defecerat,
596 1864 675 1912 tanto
689 1864 808 1931 eccepto
822 1853 1009 1926 incommodo,
1024 1874 1119 1932 neque
1134 1873 1166 1912 se

173 1949 202 2008 in
224 1947 372 2006 occultum
396 1945 553 2016 abdiderat,
568 1955 596 2002 et
618 1955 804 2021 conspectum
825 1945 1018 2004 multitudinis
1031 1943 1165 2022 fugerat:

174 2037 295 2114 plusque
310 2037 405 2094 animo
419 2035 568 2113 providere
591 2045 619 2092 et
642 2036 817 2110 praesentire
839 2037 1066 2106 existimabatur,
1081 2035 1165 2112 quod,

174 2145 205 2186 re
226 2128 347 2203 integra,
362 2126 453 2202 primo
473 2124 685 2184 incendendum
707 2125 878 2196 Avaricum,
894 2135 956 2202 post
975 2126 1166 2184 deserendum
1179 2125 1219 2182 20

174 2226 337 2276 censuerat.
379 2215 479 2290 Itaque
494 2224 526 2272 ut
540 2215 717 2290 reliquorum
737 2215 941 2292 imperatorum
962 2233 1010 2272 res
1030 2215 1168 2272 adversae

175 2307 375 2365 auctoritatem
389 2305 522 2362 minuunt
534 2323 544 2376 ;
573 2305 616 2361 sic
640 2304 729 2380 hujus
753 2323 790 2367 ex
813 2305 957 2362 contrario
979 2303 1111 2380 dignitas,
1126 2305 1168 2361 in-

175 2395 324 2453 commodo
342 2404 471 2470 accepto,
487 2394 516 2450 in
536 2392 597 2450 dies
618 2394 797 2470 augebatur:
819 2392 905 2449 simul
928 2393 958 2448 in
979 2411 1059 2466 spem
1073 2393 1168 2448 venie-

176 2485 243 2544 bant
263 2485 328 2561 ejus
348 2483 547 2554 affirmatione,
569 2483 604 2542 de
626 2483 747 2558 reliquis
769 2481 961 2556 adjungendis
982 2481 1167 2552 civitatibus3

177 2577 358 2652 primumque
379 2594 413 2632 eo
432 2584 559 2650 tempore
582 2573 661 2631 Galli
682 2581 778 2629 castra
799 2571 914 2627 munire
933 2569 1127 2638 instituerunt,
1142 2578 1171 2625 et
1182 2573 1238 2626 25ι

176 2666 219 2725 sic
239 2675 307 2723 sunt
328 2664 424 2722 animo
444 2664 619 2722 consternati
640 2661 770 2718 homines
790 2659 897 2717 insueti
921 2657 1036 2726 laboris,
1059 2667 1091 2714 ut
1111 2675 1169 2714 om-

95 2802 106 2820 .
176 2755 234 2825 nia,
255 2773 331 2830 quae
360 2755 582 2830 imperarentur,
604 2751 659 2810 sibi
680 2749 814 2827 patienda
836 2757 864 2806 et
885 2746 1058 2826 perferenda
1075 2748 1170 2806 existi·

115 2843 118 2850 '
146 2916 148 2922 .
178 2853 299 2902 merent.
363 2868 367 2874 ⁴

218 2932 329 2992 XXXI.
365 2931 431 2990 Nec
459 2932 563 3000 minus,
592 2949 679 3006 quarn
704 2941 746 2988 est
770 2928 925 3007 pollicitus,
950 2927 1171 3009 Vercingetorix

167 3024 274 3081 animo
308 3021 458 3079 laborabat
489 3030 520 3078 ut
548 3020 676 3096 reliquas
703 3021 834 3078 civitates
862 3019 1031 3097 adjungeret
1043 3040 1052 3093 ;
1086 3032 1171 3098 atque
1185 3025 1223 3080 30

180 3131 280 3170 aarum
302 3111 447 3188 principes
467 3109 548 3168 donis
569 3109 878 3186 pollicitationibusque
893 3111 1049 3168 alliciebat.
1092 3111 1172 3170 Huic

181 3201 222 3258 rei
235 3201 351 3258 idoneos
365 3200 495 3258 homines
516 3198 669 3274 deligebat,
685 3217 807 3274 quorum
830 3201 952 3276 quisque
976 3210 1025 3257 aut
1047 3203 1172 3258 oratione

181 3291 309 3362 subdola,
334 3301 385 3348 aut
410 3291 537 3349 amicitia
562 3287 700 3368 facillime
724 3290 789 3366 capi
813 3300 916 3366 posset.
959 3289 1020 3355 Qui
1044 3291 1174 3348 Avarico

181 3390 345 3458 expugnato
358 3379 535 3458 refugerant,
547 3377 699 3436 armandos
710 3379 927 3454 vestiendosque
938 3388 1032 3437 curat.
1069 3375 1172 3446 Simul,

182 3480 213 3528 ut
227 3470 385 3528 diminutae
399 3470 500 3545 copiae
515 3468 787 3544 redintegrarentur,
803 3469 925 3544 imperat
946 3477 1059 3524 certum
1074 3483 1172 3521 nume·
1187 3472 1225 3526 35

182 3573 246 3617 rum
267 3559 393 3618 militurn
414 3558 588 3628 civitatibus,
603 3576 699 3633 quem,
714 3568 743 3615 et
761 3575 850 3632 quam
865 3567 930 3612 ante
945 3555 1020 3611 diem
1034 3553 1064 3608 in
1079 3545 1176 3608 castra

183 3649 287 3708 adduci
300 3650 391 3724 velit3
414 3649 641 3726 saggitariosque
662 3666 769 3716 omnes,
785 3663 908 3721 quorum
922 3652 985 3698 erat
999 3657 1175 3716 permagnus
1222 3663 1225 3670 ·

182 3739 212 3796 in
227 3739 326 3798 Gallia
339 3757 489 3810 numerus,
504 3739 636 3814 conquiri
650 3747 679 3794 et
693 3737 730 3794 ad
744 3755 775 3792 se
790 3735 863 3790 mitti
875 3733 967 3807 jubet.
1010 3729 1066 3788 His
1088 3730 1175 3790 rebus

183 3827 318 3887 celeriter
344 3828 383 3896 id,
411 3827 487 3903 quod
515 3825 638 3886 Avarici
666 3823 835 3900 deperierat,
864 3818 1006 3895 expletur.
1056 3817 1175 3879 Interim
