2826 4336
165 271 315 328 antean]
547 269 643 324 tuan
660 269 824 324 Quantus.
1139 343 1142 350 Ι
1167 265 1207 334 81

162 408 313 476 dederunt,
328 415 451 483 partem,
465 425 503 468 en
517 406 766 484 longinquioribus
780 409 853 472 locis
865 410 1042 480 arcessitam,
1057 411 1158 488 paucis

162 499 262 556 diebus
275 516 341 554 sese
355 496 474 556 daturos
482 495 626 554 dixerunt.
656 497 769 555 Interea
779 517 848 556 suos
858 500 1017 576 remigrare
1031 501 1061 558 in
1073 519 1158 578 agros

159 588 326 662 jusserunt:
349 585 551 662 principesque
563 586 692 662 undique
704 589 868 658 convenire,
880 599 909 650 et
922 607 954 648 se
967 591 1156 667 civitatesque

162 697 228 734 suas
242 677 364 734 Oeesari
379 674 581 734 commendere
596 684 762 750 coeperunt.
884 716 885 719 η

200 764 342 824 XXVIII.
366 763 422 822 His
437 764 524 822 rebus
545 781 618 839 pace
637 765 815 835 confirmata,
830 777 892 842 post
912 767 987 827 diem
1008 777 1187 844 quantumi

161 845 249 930 quarn
262 865 306 912 est
317 855 347 910 ln
362 853 543 912 Britanniam
554 863 682 922 ventum,
697 871 787 914 nares
801 873 886 924 xum,
901 856 1053 932 dequibus
1067 877 1155 934 supra

162 944 389 1001 demonstratum
416 952 468 1011 est,
493 961 569 1016 quae
593 943 705 1016 equites
732 943 917 1014 sustulerant,
941 965 978 1004 er
1007 949 1155 1023 superiora

161 1043 243 1108 portu
266 1033 327 1090 leni
350 1042 436 1090 rento
462 1031 620 1090 solverunt.
662 1031 748 1096 Quae
775 1051 866 1108 quum
895 1036 1157 1111 appropinquarent

161 1121 339 1190 Britanniae,
359 1131 388 1178 et
409 1137 446 1178 ex
471 1119 574 1180 castris
589 1119 764 1190 viderentur,
786 1131 866 1183 tanta
886 1132 1040 1198 tempestas
1062 1125 1155 1182 subito

161 1221 257 1270 coorta
278 1223 330 1279 est,
345 1220 378 1268 ut
399 1209 482 1266 nulle
501 1225 604 1271 earum
628 1228 749 1268 cursum
771 1220 871 1268 tenere
891 1219 993 1284 posset,
1008 1211 1059 1270 sed
1080 1212 1155 1270 aliae
1170 1221 1207 1278 lb

161 1300 270 1369 eodem,
286 1299 363 1356 unde
373 1309 455 1356 erant
469 1297 624 1374 proiectae,
640 1297 838 1368 referrentur3
854 1297 930 1356 aliae
941 1297 977 1356 ad
991 1297 1155 1358 inferiorern

162 1399 272 1464 partem
293 1387 414 1456 insulae,
430 1407 505 1462 quae
528 1397 571 1444 est
592 1387 709 1462 propius
731 1387 799 1442 solis
820 1404 967 1456 occasum,
983 1405 1087 1462 magno
1109 1389 1156 1446 sui

161 1496 228 1535 cum
238 1477 369 1553 periculo
382 1477 592 1552 dejicerentur:
608 1473 946 1550 quaerensquaerens
956 1475 1155 1551 jactis,quum

162 1567 297 1624 fluctibus
321 1566 544 1640 complerentur,
568 1564 733 1622 necessario
757 1563 880 1622 aduersa
903 1574 986 1622 nocto
1010 1566 1039 1622 in
1064 1566 1155 1624 ultum

162 1667 313 1732 provenien
327 1655 520 1714 continentem
534 1655 688 1730 petierunt.
999 1703 1002 1708 .
1169 1665 1211 1728 15,

201 1744 312 1802 XXIX.
336 1743 448 1800 Eadem
462 1753 546 1800 nocte
562 1742 888 1812 ecciditutessetluna
902 1743 1009 1820 plena;
1031 1703 1154 1820 quidlet

162 1835 319 1898 mendicos
332 1842 429 1890 aeuus
443 1833 584 1890 maximos
598 1832 629 1888 iu
640 1831 759 1890 Qeano
772 1831 888 1890 efficere
903 1836 1069 1892 consuevit.
1090 1854 1154 1894 nos-
1240 1858 1243 1864 ¹

161 1925 268 1997 trisque
283 1921 312 1978 id
326 1931 390 1978 erat
403 1922 594 1997 incognitum.
636 1920 679 1980 Ita
694 1940 751 1981 uno
761 1932 889 2000 tempore
900 1934 928 1981 et
939 1923 1040 2000 longas
1053 1945 1153 1996 mres,

162 2013 265 2088 quibus
279 2011 390 2068 Caesar
403 2011 565 2068 exereitum
579 2011 830 2086 transportandum
844 2023 1008 2082 curaverat,
1023 2033 1154 2089 quasque

162 2101 190 2158 in
204 2101 318 2158 aridum
333 2099 520 2168 subduxerat,
536 2109 633 2156 aestus
654 2100 835 2176 complebat3
857 2111 886 2158 et
904 2103 1063 2171 onerarias,
1079 2121 1154 2178 quae
1166 2111 1207 2166 20

162 2189 198 2246 ad
210 2190 445 2246 anchoraserant
456 2188 609 2265 deligatae,
624 2197 777 2264 tempestas
788 2188 962 2263 afflictabat;
984 2209 1079 2266 neque
1094 2193 1156 2249 ulla

161 2279 264 2336 nostris
287 2278 413 2336 facultas
436 2287 487 2334 aut
512 2277 739 2347 administrandi,
768 2288 818 2336 aut
841 2280 1001 2337 auxiliandi
1022 2281 1154 2338 dabatur.

162 2367 367 2444 Compluribus
388 2367 511 2445 naribus
526 2363 635 2437 fractis,
652 2367 781 2442 reliquae
795 2385 888 2442 quum
901 2378 1006 2436 essent,
1027 2367 1153 2438 funibus,

162 2457 304 2526 anchoris,
332 2457 510 2532 reliquisque
536 2456 723 2514 armamentis
752 2457 874 2523 amissis,
896 2455 932 2512 ad
959 2456 1155 2530 navigandum

162 2546 287 2615 inutiles,
302 2563 419 2621 magna,
434 2544 463 2602 id
476 2545 553 2620 quod
571 2560 690 2604 neeesse
705 2554 767 2602 erat
782 2543 925 2611 accidere,
944 2544 1031 2599 totius
1045 2544 1155 2599 exerci-
1168 2555 1208 2612 qq

161 2644 209 2692 tus
222 2631 399 2711 perturbatio
408 2633 485 2692 t'acta
498 2645 558 2692 est:
574 2635 755 2709 nequeenim
765 2651 856 2690 naves
866 2641 948 2688 erant
957 2631 1041 2700 aliae,
1051 2631 1157 2705 quibua

163 2723 300 2800 reportari
315 2733 450 2799 possent3
473 2733 501 2780 et
515 2726 612 2782 omnia
626 2724 754 2792 deerant,
769 2741 844 2796 quae
865 2721 902 2778 ad
916 2720 1087 2778 reficiendas
1107 2736 1157 2779 eat

163 2814 229 2881 usui
249 2823 339 2885 sunt;
362 2823 410 2882 et,
424 2813 499 2887 quod
520 2815 654 2871 omuibus
675 2812 832 2882 constabat,
854 2811 983 2868 hiemare
1006 2811 1036 2868 in
1059 2810 1158 2869 Gallia

162 2912 301 2978 oportere,
312 2901 491 2960 frumentum
500 2903 545 2960 his
555 2905 586 2960 in
597 2903 670 2962 locis
679 2903 709 2958 in
718 2902 844 2958 hiemem
854 2902 1000 2978 provisum
1011 2919 1067 2961 non
1082 2914 1154 2962 erat.

203 2991 299 3048 XXX.
322 2992 439 3056 Quibus
450 2991 538 3050 rebus
548 2991 836 3068 cognitis‚.principes
845 2991 1023 3063 Britanniae,
1033 2994 1084 3070 qui
1095 3003 1157 3070 post
1170 3001 1209 3058 36

164 3080 304 3156 proelium
320 3079 430 3138 factum
445 3081 481 3137 ad
496 3101 540 3150 ea,
552 3099 627 3156 quae
638 3079 765 3154 jusserat
779 3081 896 3152 Caesar,
907 3081 1039 3141 facienda
1053 3103 1156 3142 conve·

163 3179 274 3239 nerant,
290 3171 365 3231 inter
379 3189 410 3226 se
433 3169 578 3238 collocuti,
598 3187 689 3243 quum
704 3171 815 3244 equites
828 3181 856 3228 et
876 3191 966 3230 naves
987 3181 1015 3230 et
1030 3171 1156 3232 frumen·

163 3269 225 3316 tum
240 3259 380 3317 Romanis
393 3259 493 3316 deesse
507 3258 711 3334 intelligerent,
729 3269 758 3316 et
780 3261 954 3335 paucitatem
976 3262 1101 3323 militum
1120 3278 1157 3319 err

163 3359 324 3406 castrorum
339 3349 498 3424 exiguitate
513 3357 728 3424 cognoscerent,
744 3365 818 3424 quae
834 3343 888 3407 hoc
902 3361 985 3408 erant
999 3351 1085 3406 etum
1108 3369 1156 3406 an-

163 3439 301 3512 gustiora,
316 3438 392 3514 quod
407 3439 469 3496 sina
483 3437 696 3514 impedimentis
712 3436 821 3494 Caesar
835 3438 963 3514 legiones
983 3446 1156 3511 transporta·
1170 3445 1209 3500 3⁸

164 3535 253 3595 verat,
262 3528 404 3602 optimum
419 3525 498 3584 t'actu
512 3545 575 3583 esse
584 3517 738 3596 duxerunt,
747 3527 905 3585 rebellione
915 3526 1002 3594 facte,
1014 3523 1158 3583 frumento

164 3625 385 3691 commeatuque
399 3625 509 3673 nostros
523 3615 683 3692 prohibere,
693 3624 721 3671 et
734 3631 797 3670 rem
811 3616 841 3672 iu
855 3615 979 3670 hiemem
989 3610 1157 3686 producere,

166 3704 252 3778 quod,
267 3707 303 3762 iis
317 3707 459 3781 superatis
472 3715 523 3762 aut
537 3705 630 3762 reditu
642 3702 815 3770 interclusis,
827 3701 972 3757 neminem
983 3706 1080 3773 postea
1090 3697 1158 3756 belli

168 3790 310 3852 inferendi
324 3813 416 3854 caasa
429 3795 459 3852 in
474 3793 654 3852 Britanniam
668 3790 858 3852 naseiturum
872 3785 1063 3846 confidebant.
