2844 4340
185 260 228 319 ss
540 264 583 308 on
602 263 707 310 annuc
723 261 865 309 onnurco
1129 263 1225 315 rona.

235 403 375 469 stituerat,
390 399 466 475 quod
481 417 549 456 eurn
571 396 710 472 cupidam
730 413 829 452 rerum
850 399 1000 463 novarum,
1020 395 1159 471 cupidum
1173 399 1224 456 im.

236 489 317 564 perii,
334 489 432 562 magni
453 486 551 554 enimi,
573 501 698 560 magnae
716 485 791 554 inter
805 483 908 544 Gallos
921 485 1107 554 auctoritatis,
1120 505 1224 562 cogno.

235 586 326 635 verat.
370 573 538 634 Accedebat
563 573 630 641 huc,
659 565 734 647 quod
758 573 831 646 jam⁴
847 573 878 631 iu
905 573 1028 633 concilio
1056 573 1224 636 Aeduorum

233 664 396 724 Dumnorix
417 663 539 730 dixerat,
555 662 616 722 Sibi
632 662 789 723 aGaassre
811 681 934 738 regnam
955 663 1079 722 civitatis
1098 663 1225 724 deferri:

201 753 307 828 5quod
330 753 440 812 dictum
455 741 554 824 Aedui
576 753 704 828 graviter
726 749 866 820 ferebant,
889 771 983 827 neque
1002 754 1156 811 recusandi
1176 764 1226 817 aut

233 842 408 918 deprecandi
422 859 514 900 causa
528 841 638 918 legates
653 841 688 900 ad
703 841 858 900 Gaesarem
873 843 987 900 mittere
1002 842 1156 902 audebant.
1193 843 1226 902 Id

234 931 343 990 factum
358 951 395 990 ex
410 933 472 991 suis
492 933 650 1008 hospitibus
670 931 780 990 Caesar
793 942 977 1008 cognoverat.
1019 932 1073 990 Ille
1093 935 1226 992 omnibus

233 1023 326 1097 primo
339 1023 475 1098 precibus
490 1032 586 1098 petere
601 1021 755 1090 contendit,
772 1031 804 1078 ut
824 1022 854 1078 in
870 1021 970 1078 Gallia
990 1022 1223 1097 relinqueretur3

233 1113 347 1186 partim,
362 1112 438 1186 quod
452 1113 584 1170 insuetus
597 1110 754 1188 navigandi
772 1129 853 1168 mare
866 1111 980 1168 timeret
991 1131 999 1182 ;
1012 1113 1135 1188 partim,
1150 1111 1228 1188 quod

184 1209 221 1264 10
235 1201 424 1278 religionibus
438 1201 501 1258 sese
520 1201 629 1258 diceret
649 1201 791 1276 impediri.
809 1231 812 1240 Δ
834 1201 1025 1276 Posteaquam
1040 1201 1069 1261 id
1088 1203 1227 1260 obstinate

234 1294 289 1350 sibi
316 1294 419 1370 negari
444 1293 522 1362 vidit,
546 1292 624 1350 cinni
652 1309 702 1368 spe
726 1291 898 1368 impetrandi
920 1291 1062 1368 adempta,
1085 1293 1228 1368 principes

235 1383 350 1442 Galliae
361 1385 526 1453 sollicitare,
541 1400 678 1440 sevocare
693 1382 830 1457 singulos,
846 1383 1010 1458 hortarique
1024 1384 1125 1459 coepit,
1141 1383 1183 1440 uti
1197 1383 1227 1439 in

159 1529 165 1543 ,
234 1475 391 1536 continenti
406 1483 609 1544 remanerent3
633 1481 711 1528 metu
727 1473 869 1540 territare,
884 1471 914 1528 N
916 1491 952 1529 on
974 1475 1036 1530 sine
1050 1493 1140 1530 causa
1154 1474 1226 1543 fieri,

235 1571 269 1616 ut
282 1562 381 1618 Gallia
398 1565 475 1618 omni
491 1562 637 1618 nobilitate
651 1560 839 1634 spoliaretur:
861 1560 889 1614 id
904 1579 966 1616 esse
987 1563 1141 1624 consilium
1154 1562 1226 1620 Cae·

184 1655 221 1708 15
233 1650 315 1715 saris,
332 1659 372 1715 ut,
387 1667 459 1720 quos
473 1651 503 1704 in
516 1656 675 1722 conspectu
690 1647 807 1702 Galliae
822 1647 986 1703 interficere
1000 1658 1159 1718 vereretur,
1175 1651 1228 1708 hos

232 1755 332 1792 omnes
356 1737 386 1790 in
411 1736 591 1792 Britanniam
619 1733 801 1792 transductus
825 1744 962 1790 necaretr
991 1736 1077 1792 fidem
1106 1738 1227 1812 reliquis

233 1825 423 1898 interponere,
441 1822 646 1897 jusjurandum
661 1837 789 1895 poscere,
806 1831 844 1890 ut,
860 1822 935 1896 quod
949 1841 1012 1880 esse
1033 1843 1068 1880 ex
1084 1843 1140 1902 usu
1155 1827 1225 1884 Gal.

233 1912 289 1968 liae
312 1911 530 1979 intellexissent,
546 1909 692 1966 communi
714 1911 833 1966 consilio
856 1910 1098 1974 administrarent.
1141 1915 1226 1978 Haeo

233 2021 251 2057 a
264 2000 462 2075 compluribus
475 1999 510 2056 ad
524 1998 681 2055 Caesarem
692 1997 904 2056 deferebantur.

180 2099 220 2154 zo
272 2089 340 2145 Vll.
363 2088 433 2154 Qua
447 2107 478 2145 re
492 2088 616 2164 cognita,
632 2087 750 2158 Caesar,
762 2089 837 2164 quod
852 2099 963 2147 tantum
978 2092 1088 2150 civitati
1102 2095 1226 2154 Aeduae

232 2175 378 2254 dignitatis
398 2178 546 2245 tribuerat,
561 2176 754 2234 coercendum
775 2189 861 2253 atque
882 2179 1092 2253 deterrendum,
1107 2186 1224 2259 quibus.

232 2285 349 2343 cunque
372 2269 458 2325 rebus
479 2277 581 2344 posset,
604 2267 815 2345 Dumnorigem
831 2272 994 2344 statuebet5
1017 2275 1093 2348 quod
1111 2276 1225 2351 longius

232 2359 298 2434 ejus
312 2361 468 2416 amentiam
489 2359 623 2436 progredi
638 2357 761 2428 videbat,
777 2361 1008 2436 prospiciendum
1031 2381 1067 2420 ne
1088 2365 1156 2439 quid
1171 2364 1225 2422 sibi

233 2469 268 2508 ao
283 2449 473 2524 Reipublicae
487 2467 592 2506 nocere
607 2459 710 2525 posset.
752 2449 852 2524 Itaque
867 2449 928 2508 dies
942 2453 1058 2509 circiter
1071 2471 1133 2510 xxv
1147 2455 1176 2510 in
1190 2473 1225 2512 cc

178 2549 219 2603 25
233 2541 296 2598 loco
316 2549 519 2622 commoratus,
535 2541 611 2616 quod
624 2539 718 2597 Corus
732 2553 835 2598 ventus
856 2543 1070 2618 navigationem
1091 2544 1224 2620 impedie-

233 2631 289 2702 bat,
314 2633 365 2707 qul
385 2651 520 2709 magnam
542 2641 653 2708 partem
677 2633 770 2688 omnis
791 2635 926 2708 temporis
947 2635 979 2690 in
998 2635 1042 2690 his
1063 2635 1134 2691 locis
1154 2636 1224 2692 flare

232 2723 390 2791 consuevit,
406 2721 491 2779 dabat
504 2739 630 2796 operam,
644 2730 675 2778 ut
689 2722 718 2778 in
729 2721 823 2779 officio
834 2721 1043 2799 Dumnorigem
1058 2724 1223 2791 contineret,

232 2811 321 2866 nihilo
335 2820 432 2866 tamen
447 2811 544 2866 secius
557 2812 653 2868 omnia
667 2810 731 2885 ejus
742 2811 862 2869 consilia
871 2821 1077 2888 cognosceret:
1099 2812 1223 2882 tandem,

231 2898 363 2954 idoneam
378 2907 481 2954 nactus
495 2906 701 2972 tempestatem,
717 2901 822 2957 milites
843 2902 1011 2975 equitesque
1030 2901 1224 2958 conscendere

180 2987 261 3046 'alliu
283 3003 373 3042 naves
393 2987 485 3060 jubet.
529 2987 578 3057 At,
604 2990 733 3046 omnium
757 2990 901 3066 impeditis
923 2991 1035 3058 animis,
1060 2988 1223 3048 Dumnorix

231 3093 300 3132 oum
315 3076 458 3149 equitibus
468 3075 638 3134 Aeduorum
653 3097 671 3135 a
685 3081 796 3149 castris,
806 3081 945 3137 insciente
960 3079 1094 3147 Caesare,
1106 3079 1224 3138 domum

231 3165 378 3224 discedere
393 3167 495 3242 coepit.
538 3167 608 3231 Qua
629 3187 660 3225 re
681 3171 827 3240 nunciata,
844 3171 961 3238 Caesar,
976 3169 1138 3226 intermissa
1160 3187 1223 3246 pro-

232 3255 363 3323 iectione,
387 3264 473 3330 atque
493 3257 626 3313 omnibus
649 3258 738 3314 rebus
762 3260 931 3335 postpositis,
953 3276 1087 3334 magnam
1112 3269 1224 3334 partem

231 3346 376 3421 equitatus
390 3343 425 3402 ad
440 3361 507 3402 eum
521 3345 731 3419 insequendum
751 3349 844 3416 mittit,
860 3349 1025 3423 retrahique
1039 3348 1177 3422 imperat:
1198 3351 1224 3407 ei

180 3437 219 3492 35
231 3437 290 3492 vim
306 3433 403 3504 iaciat,
419 3451 513 3508 neque
535 3443 643 3508 pareat,
659 3435 783 3492 interfici
802 3437 904 3510 jubet:
926 3438 997 3496 nihil
1012 3438 1100 3506 hunc,
1122 3457 1153 3494 se
1175 3439 1224 3496 ab.

231 3535 321 3594 sente,
337 3542 388 3600 pro
402 3539 472 3580 sano
486 3520 632 3580 facturum
647 3523 811 3593 arbitratus,
825 3526 875 3600 qui
890 3525 1049 3601 praesentis
1068 3527 1222 3603 imperium

231 3613 423 3691 neglexisset,
458 3611 512 3669 llle
536 3611 613 3668 enim
635 3621 788 3670 revocatus
811 3615 953 3684 resistere,
970 3635 1005 3672 ao
1026 3635 1057 3673 se
1072 3635 1160 3673 manu
1175 3617 1222 3673 de.

232 3701 359 3772 tendere,
374 3721 552 3777 suorumque
567 3701 652 3774 fidem
672 3699 826 3776 implorare
841 3705 943 3778 coepit,
958 3723 1041 3780 saepe
1060 3705 1225 3776 clamitans,

232 3788 372 3848 Liberum
387 3811 427 3861 se,
443 3789 608 3867 liberaeque
619 3791 745 3851 civitatis
754 3811 827 3850 esse.
856 3790 912 3862 llli,
926 3801 958 3850 ut
969 3793 1222 3870 erstimperetum,
