2804 4312
163 303 219 352 cn.
232 304 318 357 msa]
542 277 640 352 aaran
661 302 838 352 sacuunus.
980 353 986 360 „
1171 297 1214 356 tr

162 441 402 519 Bratuspantium
422 441 619 512 contulissent,
634 448 719 519 atque
734 443 770 501 ab
787 463 822 502 eo
843 443 947 521 oppido
968 443 1079 502 ‘Caesar
1092 461 1161 502 curu

162 535 295 592 exercitu
323 534 440 596 circiter
467 535 559 592 millia
585 553 729 611 ‘passuum
756 537 884 612 quinque
912 535 1032 606 abesset,
1061 553 1161 594 omnes

158 626 290 701 majores
305 633 385 694 natu,
400 643 436 682 ex
451 625 555 704 oppido
568 625 687 702 egressi,
702 645 807 684 manus
822 625 857 683 ad
871 625 1028 684 Caesarem
1042 625 1160 684 tendere

163 723 192 772 et
203 733 274 772 voca
289 714 456 791 significare
471 725 636 791 coeperunt,
649 717 752 774 sesain
767 716 831 792 ejus
841 716 928 773 fidem
943 733 977 774 ac
992 725 1170 792 pomarum

164 805 274 874 venire,
290 821 384 879 neque
405 813 507 862 contra
528 804 670 881 Populum
692 805 856 864 Romanum
870 807 959 864 armis
974 805 1157 864 contendere.
1172 807 1191 860 5

167 892 247 964 ltem,
262 912 355 969 quum
378 893 414 950 ad
436 893 572 970 oppidum
595 896 772 966 accessisset,
794 906 947 971 causaque
969 896 1009 952 ibi
1031 905 1158 972 poneret,

167 984 249 1058 pueri
270 983 467 1058 mulieresque
481 1001 518 1040 ex
539 1003 621 1041 muro
639 985 730 1060 passis
744 985 877 1042 menibus
891 1004 943 1042 suo
964 1003 1043 1042 more
1057 1003 1160 1062 pacem

131 1126 138 1142 ,
167 1090 186 1128 a
199 1071 339 1130 Romanis
354 1073 507 1148 petierunt.
935 1093 938 1096 ·
1025 1115 1027 1120 .

205 1161 288 1220 XIV.
310 1160 367 1219 Pro
387 1162 432 1225 his
453 1160 616 1220 Divitiacus
630 1164 713 1241 (nam
728 1173 790 1238 post
810 1163 970 1220 discessum
990 1162 1160 1239 Belgarum,

165 1243 290 1308 dimissis
311 1250 483 1308 Aeduorum
504 1253 604 1328 copiis,
619 1251 655 1310 ad
676 1271 744 1309 euin
765 1250 938 1335 reverterat)
962 1249 1032 1308 facit
1053 1251 1159 1308 verba:
1176 1257 1214 1312 10

165 1339 337 1398 Bellovacos
363 1342 440 1398 cinni
467 1351 595 1418 tempore
623 1341 655 1398 in
680 1341 736 1398 fide
763 1339 851 1436 aque
879 1341 1006 1398 amicitia
1034 1341 1160 1398 civitatis

165 1429 293 1486 Aeduae
318 1428 422 1488 luisse:
454 1431 595 1507 impulsos
620 1432 720 1494 asnis
743 1431 931 1508 principibus,
952 1431 1002 1506 qui
1023 1430 1160 1500 dicerent,

166 1517 299 1587 Aeduos,
314 1537 331 1576 a
345 1519 468 1580 Caesare
483 1522 513 1581 in
525 1522 696 1579 servitutem
711 1521 850 1591 redactos,
860 1539 961 1578 omues
975 1519 1160 1598 indignitates

165 1609 413 1686 contumeliasque
427 1610 565 1687 perform,
580 1622 609 1668 et
630 1613 666 1668 ab
688 1611 801 1670 Aeduis
825 1610 975 1680 deiecisse,
995 1621 1023 1668 et
1048 1609 1158 1687 Populo

167 1701 298 1760 Romano
319 1701 428 1760 bellum
449 1703 600 1760 intulisse:
620 1703 670 1778 qui
689 1703 778 1779 hujus
796 1703 910 1762 consilii
932 1703 1077 1780 principes
1091 1701 1159 1760 fuis-
1177 1699 1212 1756 15

167 1800 237 1860 sant,
252 1790 329 1865 quod
344 1791 539 1867 intelligerent
552 1803 690 1867 quantam
705 1793 901 1852 calamitatem
920 1793 1030 1852 civitati
1049 1793 1160 1850 intulis·

168 1890 239 1950 sent,
254 1881 284 1938 in
306 1880 487 1940 Britanniam
509 1881 682 1960 profugisse.
723 1883 824 1941 Petere
839 1901 895 1942 non
914 1884 1008 1941 solum
1029 1882 1162 1942 Bellova-

168 1990 225 2042 cos,
235 1971 286 2032 sed
299 1973 387 2029 etiam
402 1989 452 2049 pro
467 1973 511 2030 his
523 1973 649 2044 Aeduos,
663 1985 695 2034 ut
708 1993 762 2032 aua
773 1975 927 2034 clementia
942 1993 977 2032 ac
991 1984 1158 2032 mansuem-

168 2063 233 2122 dine
248 2065 279 2120 in
293 2083 343 2122 eos
358 2073 466 2122 utatur.
514 2064 639 2130 Quodsi
654 2065 763 2136 fecerit,
776 2066 947 2124 Aeduorum
962 2066 1160 2122 auctoritatem

169 2154 245 2231 apud
265 2173 365 2212 omnes
386 2154 494 2234 Belgas
511 2155 773 2231 amplificaturum:
795 2175 919 2233 quorum
939 2155 1058 2214 auxiliis
1073 2165 1160 2230 atque
1173 2153 1213 2208 20

168 2245 278 2321 opibus,
293 2246 318 2302 si
332 2263 392 2320 qua
405 2245 482 2302 bella
496 2245 658 2317 inciderint,
670 2257 830 2306 sustemare
843 2246 1022 2307 consuerint.

209 2334 275 2393 XV.
291 2336 402 2392 Caesar
416 2335 531 2394 honoris
542 2334 680 2397 Divitiaci
695 2346 783 2413 atque
792 2337 964 2394 Aeduorum
977 2354 1077 2404 causa,
1089 2335 1161 2392 Sese

168 2445 217 2484 eos
229 2427 261 2483 in
282 2427 368 2500 iidem
390 2435 575 2504 recepturum
590 2437 618 2486 et
638 2439 887 2496 conservaturum,
903 2427 990 2484 dixit:
1012 2426 1072 2494 sed,
1087 2425 1163 2500 quod

168 2524 232 2574 crat
246 2515 348 2576 civitas
368 2535 476 2595 magna
490 2518 565 2575 inter
586 2517 693 2595 Belgas
714 2517 895 2584 auctoritate,
912 2525 998 2589 atque
1012 2515 1163 2570 hominum

169 2605 353 2664 multitudine
378 2609 551 2684 praestabat,
571 2626 607 2666 nc
632 2607 745 2666 obsides
770 2605 907 2684 poposcit.
960 2602 1017 2660 His
1040 2601 1161 2671 traditis,
1175 2601 1215 2656 25

168 2693 359 2772 omnibusque
385 2697 474 2756 arnus
497 2717 534 2755 ex
561 2697 664 2774 oppido
691 2697 813 2765 collatis,
829 2695 865 2752 ab
888 2712 923 2751 eo
946 2691 1009 2750 loco
1037 2691 1066 2748 in
1091 2691 1164 2750 fines

169 2785 383 2844 Ambianorum
404 2788 542 2863 pervenit,
558 2787 608 2862 qui
627 2807 658 2845 se
672 2805 783 2862 suaque
797 2785 893 2842 omnia
911 2783 973 2841 sine
992 2799 1073 2840 mora
1086 2781 1163 2840 dedi-

169 2875 283 2935 darunt.
326 2876 437 2934 Eorum
450 2877 525 2936 fines
535 2877 640 2935 Nervii
656 2876 849 2953 attingebant:
871 2892 994 2950 quorum
1009 2873 1164 2932 denatura

170 2967 356 3042 moribusque
370 2965 479 3024 Caesar
493 2986 584 3043 quum
602 2976 765 3043 quaereret,
780 2965 823 3024 sic
838 2964 1015 3042 reperiebat:
1038 2963 1164 3022 Nullum

170 3056 280 3114 aditum
294 3075 358 3114 essa
373 3055 409 3113 ad
423 3075 472 3114 eos
486 3057 711 3114 mercatoribus:
732 3056 805 3114 nihil
820 3056 957 3132 pativini,
970 3056 1163 3131 reliquarum·
1177 3057 1216 3112 30

115 3197 123 3216 ,
169 3163 225 3222 que
240 3163 344 3204 rerum-
354 3145 390 3203 ad
405 3145 552 3203 luxuriam
574 3146 787 3226 pertinentium,
801 3144 910 3215 inferri,
925 3145 1003 3222 quod
1018 3146 1063 3204 his
1077 3147 1165 3204 rebus

170 3235 395 3312 relanguescere
410 3235 520 3295 animos
540 3245 570 3294 et
590 3235 696 3298 remitti
711 3235 847 3294 virtutem
862 3235 1078 3294 existimarent:
1100 3255 1164 3294 esse

170 3324 300 3383 homines
321 3323 407 3395 feros,
423 3341 604 3402 magnaeque
625 3325 757 3383 virtutis:
781 3325 962 3402 increpitare
977 3336 1063 3402 atque
1083 3327 1165 3384 incu-

170 3432 236 3472 sare
260 3414 388 3490 reliquos
413 3414 529 3491 Belgas,
553 3415 604 3490 qui
632 3417 663 3472 se
688 3414 799 3492 Populo
824 3415 955 3474 &mano
982 3415 1165 3479 dedidissent,

171 3504 351 3580 patriamqne
376 3505 512 3562 virtutem
538 3504 742 3580 projecissent:
775 3505 956 3574 confirmare,
980 3520 1043 3559 seso
1070 3517 1165 3574 neque
1179 3499 1217 3554 a:

170 3592 282 3669 legatos
294 3594 442 3664 missuros,
457 3611 552 3669 neque
566 3593 657 3652 ullam
673 3593 864 3652 conditionem
879 3593 961 3668 pacis
974 3597 1154 3663 accepturos.

211 3677 294 3741 XVI.
316 3683 419 3749 Quum
440 3701 491 3760 per
509 3703 610 3742 aarum
630 3684 704 3745 fines
724 3684 852 3740 triduum
872 3683 928 3738 iter
949 3677 1072 3744 fecisset,
1087 3675 1165 3732 inve-

171 3772 269 3830 niebat
282 3791 319 3830 ex
334 3773 465 3850 captivis,
481 3773 581 3831 Sabim
600 3773 708 3830 flumen
723 3771 762 3828 ab
773 3769 877 3828 castris
897 3766 958 3823 suis
972 3775 1028 3821 non
1043 3764 1167 3841 amplius

171 3861 267 3922 millia
280 3881 420 3940 passum
433 3861 536 3922 dwam
546 3863 662 3920 abesae:
676 3871 758 3920 trans
766 3860 797 3918 id
811 3859 920 3916 nunren
930 3871 1030 3913 ornnes
1041 3853 1167 3916 Nervios
