2830 4326
152 309 203 356 cn.
214 315 246 363 11,
256 309 303 362 ra]
545 307 641 354 thrnu
661 307 824 362 QUARTtts
1159 303 1200 362 ’13

151 447 238 503 oritur
251 465 290 504 ex
307 445 471 521 Lepontiis,
486 446 536 520 qui
558 445 650 520 Alpes
672 445 810 514 incolunt,
832 456 860 504 et
881 446 966 523 longo
987 449 1077 524 spatio
1097 467 1149 525 per

153 534 219 591 fines
234 535 449 602 Nantuatium,
466 533 676 603 Helvetiorum,
693 534 903 608 Sequanorum,
920 535 1147 596 Mediomatrico-

152 639 221 692 rnm,
233 623 450 690 Tribuoornm,
461 623 651 680 Trevirorum
663 623 767 680 citatus
782 623 892 696 fertnr3
915 635 952 694 et,
969 627 1018 682 ubi
1030 625 1149 684 Oceano

48 692 54 757 -'
152 715 374 788 appropinquat,
390 713 421 768 in
436 712 535 786 plures
556 711 659 768 diffluit
681 721 785 786 partes,
807 712 906 772 multis
924 715 1148 791 ingentibusque

152 799 253 858 insulis
266 801 395 869 effectis,
411 815 536 874 quarum
557 817 624 874 pars
639 819 745 876 magna
766 819 785 858 a
806 799 875 858 seris
896 802 1084 878 barbarisque
1097 811 1180 864 nab

153 889 274 946 tionibus
283 889 481 957 incolitur,ex
491 889 596 962 quibus
606 899 681 958 sunt,
689 891 739 963 qui
748 891 874 965 piscibus
884 901 969 967 atque
978 894 1039 950 ovis
1048 894 1148 950 avium

154 977 247 1034 vivere
263 978 493 1047 existimantur,
515 977 672 1051 multisque
684 979 824 1053 capitibus
834 980 864 1036 in
875 979 1027 1038 Oceanum
1041 981 1145 1040 influit.
1170 1001 1186 1014 “

189 1064 242 1122 XI.
266 1066 382 1124 Caesar
396 1083 488 1140 quum
498 1064 539 1122 'ab
553 1066 632 1123 hoste
646 1085 703 1124 non
717 1067 842 1142 amplius
856 1087 994 1144 passuum
1004 1087 1047 1128 111
1062 1071 1146 1128 milii·

125 1166 127 1169 ·
154 1149 204 1210 bus
220 1155 345 1224 abesset,
363 1165 396 1211 ut
410 1164 480 1211 erat
494 1156 689 1224 constitutum,
705 1155 740 1213 ad
754 1173 823 1212 eum
843 1156 931 1232 legati
946 1167 1147 1215 revertuntur:

153 1242 210 1314 qui,
225 1244 255 1300 in
272 1244 380 1301 itinere
393 1245 549 1318 congressi,
565 1261 747 1320 magnopere,
763 1243 811 1300 Ne
832 1243 947 1318 longius
964 1244 1147 1320 progredere·
1163 1251 1200 1306 10

153 1341 207 1400 tur,
222 1334 359 1389 orabant.
401 1331 502 1395 Quum
525 1331 553 1390 id
574 1351 630 1390 non
653 1334 862 1408 impetrassent,
884 1333 1026 1406 petebant,
1041 1332 1092 1390 Uti
1112 1333 1151 1390 ad

153 1437 200 1475 eos
222 1423 348 1496 equites,
364 1421 415 1496 qui
438 1439 542 1496 agmen
567 1423 795 1489 antecessissent,
820 1420 1149 1496 promittentesque

154 1525 252 1583 pugna
276 1510 459 1586 probiberet;
490 1510 602 1584 sibique
625 1511 666 1566 uti
688 1519 855 1585 potestatem
876 1509 985 1568 facerat
1007 1510 1037 1566 in
1060 1509 1150 1568 Ubios

154 1593 266 1672 legatos
282 1597 431 1654 mittendi:
452 1615 575 1672 qnorum
598 1599 623 1654 si
642 1600 786 1674 principes
806 1617 841 1657 ao
862 1607 979 1656 senatus
997 1599 1052 1656 sibi
1069 1599 1148 1673 jure-

153 1682 279 1757 jurando
293 1687 381 1744 fidem
390 1685 534 1754 fecissent,
544 1704 579 1744 ea
587 1686 758 1756 conditione,
767 1706 841 1762 quae
851 1707 869 1745 a
878 1687 1004 1746 Caesare
1014 1685 1148 1757 ferretur,
1164 1693 1201 1749 15

129 1792 186 1831 sse
210 1794 316 1834 usuros
336 1775 542 1832 ostendebant:
565 1775 602 1830 ad
623 1775 677 1832 has
702 1793 749 1836 res
771 1776 963 1834 conficiendas
987 1775 1041 1832 sibi
1061 1775 1148 1833 tridui

155 1865 281 1936 spatium
302 1865 396 1922 daret.
438 1863 522 1922 Haeo
547 1865 645 1920 omnia
669 1864 779 1924 Caesar
805 1865 905 1924 eodem
932 1865 982 1922 iilo
1005 1863 1148 1938 perficere

156 1951 360 2022 arbitrabatur,
376 1961 418 2020 ut,
439 1952 527 2010 tridui
550 1971 631 2010 mora
653 1953 827 2029 interposite,
843 1955 952 2028 equites
974 1967 1082 2020 eorum,
1097 1953 1148 2026 qui

157 2039 297 2110 abessent,
325 2050 556 2098 reverterentur:
588 2051 684 2098 tamen
706 2061 769 2100 sese
792 2061 849 2100 non
877 2038 991 2111 longius
1019 2039 1148 2097 millibus

158 2144 294 2200 passuum
308 2141 433 2204 quatuor
447 2131 607 2205 aquationis
622 2148 712 2188 causa
727 2141 927 2207 processurum
948 2143 982 2182 ao
995 2125 1041 2184 die
1056 2127 1146 2186 dixit:
1158 2131 1199 2190 20

159 2215 216 2274 huo
231 2228 342 2293 postero
355 2218 402 2275 die
416 2237 504 2293 quam
519 2217 743 2293 frequentissimi
752 2211 945 2280 ocnvmiressir
956 2223 987 2270 ui
996 2213 1031 2271 de
1046 2233 1147 2273 eorum
1194 2263 1197 2268 -

159 2307 306 2377 postulatis
319 2317 517 2384 cognosceret.
559 2307 678 2364 interim
693 2307 728 2364 ad
743 2293 908 2382 praefectos,
923 2302 973 2374 qui
988 2305 1148 2362 cumomni

156 2396 286 2468 equitatu
302 2405 525 2464 antecesserant,
540 2397 634 2464 mittit,
649 2388 892 2470 quidunssiflressb
907 2405 944 2444 ΒΘ
959 2389 1054 2446 hones
1068 2409 1147 2464 proe-

159 2480 197 2539 lio
215 2483 409 2540 lacesserent:
430 2494 467 2552 et,
483 2485 507 2540 si
530 2485 584 2558 ipsi
606 2483 826 2542 lanasserentna
848 2475 1030 2543 SUSiissefflssb
1053 2478 1149 2550 (ΙΝ

159 2570 217 2643 ipse
231 2591 299 2628 oum
315 2572 445 2628 exercitu
460 2563 769 2648 propiusaobessisset·
977 2587 980 2594 ’
1154 2573 1199 2627 25

198 2659 263 2716 ΧΗ,
286 2661 328 2716 Ar
341 2661 445 2726 hostes,
462 2661 510 2718 ubi
523 2655 649 2728 primurn
670 2659 779 2706 nostros
793 2649 905 2722 equites
926 2661 1147 2723 conspexerunt,

158 2765 279 2820 quorum
294 2757 356 2804 erat
369 2749 493 2820 quinque
515 2739 639 2796 millium
661 2756 809 2806 numerus,
831 2755 922 2812 quum
943 2737 998 2812 ipsi
1016 2755 1073 2796 non
1089 2757 1147 2798 am-

160 2835 232 2908 plius
253 2854 322 2892 noco
344 2832 456 2905 equites
469 2830 616 2897 haberent,
632 2827 708 2902 quod
727 2828 756 2895 ii,
772 2827 822 2902 qui
844 2825 1037 2884 frumentandi
1058 2847 1149 2888 caum

159 2923 249 2980 ierant
268 2934 349 2980 trans
364 2919 485 2986 Mosam,
500 2917 627 2974 nondum
643 2916 795 2984 redierant,
810 2916 881 2975 nihil
897 2917 1066 2976 timentibus
1083 2937 1147 2978 aas·

159 3011 216 3079 tria,
237 3007 313 3085 quod
334 3007 422 3083 legati
444 2997 545 3062 eorum
565 3005 651 3079 paulo
674 3015 740 3062 ante
763 3004 924 3064 aCaesare
946 3005 1146 3079 discesserant,
1159 3016 1200 3072 m

160 3099 279 3172 atqueis
300 3095 362 3152 dies
377 3094 502 3151 induciis
524 3103 587 3150 erat
601 3093 636 3148 ab
657 3094 700 3149 eis
719 3093 832 3167 petitus,
844 3095 956 3169 impetn
971 3093 1055 3165 sacto,
1071 3096 1147 3156 oeie.

159 3189 224 3242 riter
247 3195 359 3243 nostros
382 3182 635 3258 perturbaverunt.
678 3181 793 3240 Rursus
814 3183 1012 3258 resistentibus
1033 3185 1147 3254 nostris,

157 3272 362 3332 consuetudine
384 3289 440 3328 sua
462 3270 498 3328 ad
521 3269 609 3346 pedes
631 3269 818 3340 desiluerunt,
842 3270 1028 3345 suffossisque
1054 3273 1147 3346 aquis,

148 3360 409 3437 'compluribusque
429 3359 534 3416 nostris
556 3358 684 3432 dejectis,
702 3347 826 3434 reliquos
846 3360 876 3414 in
900 3357 1002 3434 fugam
1016 3360 1148 3432 conjace-

158 3459 231 3518 runt,
245 3459 333 3523 atque
352 3448 392 3504 ita
406 3448 570 3522 perterritos
584 3457 714 3522 egerunt,
730 3459 762 3504 ut
776 3467 833 3504 non
849 3448 929 3520 prius
948 3445 1018 3519 iuga
1031 3445 1148 3504 desiste·
1157 3453 1201 3506 ,ab

158 3549 227 3606 rent,
242 3555 331 3612 quarn
351 3537 382 3592 in
404 3545 590 3611 conspectum
614 3537 737 3611 agminis
758 3537 847 3594 nostri
870 3533 1024 3588 venissent.
1067 3529 1150 3588 tneo

158 3626 263 3702 proelio
283 3643 320 3682 ex
340 3625 485 3699 equitibus
500 3624 605 3680 nostris
626 3625 840 3682 interficiuntur
854 3627 978 3692 quatuor
992 3625 1020 3672 ot
1034 3622 1148 3688 septua-

158 3713 257 3786 ginta3
290 3714 320 3769 in
345 3712 389 3768 his
412 3713 456 3769 vir
479 3711 650 3768 fortissimus
671 3713 745 3779 Piso,
770 3708 947 3784 Aquitanos,
973 3698 1150 3776 flmPlissssim

158 3818 262 3876 genere
277 3809 372 3870 natus,
388 3800 473 3874 cujus
488 3819 561 3857 avus
575 3801 604 3856 in
619 3801 735 3856 civitate
757 3813 811 3855 sua
832 3805 954 3863 regnum
973 3788 1147 3861 obtusam,
1205 3794 1210 3802 “

1261 4165 1378 4286 r]
