2826 4336
204 275 245 334 78
564 281 608 330 nn
625 279 728 328 nanno
743 279 885 326 onnuco
1081 279 1147 334 [cn.
1158 284 1194 334 a,
1203 286 1238 328 aa.

255 422 379 480 classem
398 421 480 495 jubet
503 418 667 476 convenire.
709 416 835 486 Interim,
850 416 969 474 consilio
989 416 1053 491 ejus
1074 415 1196 494 cognito,
1212 425 1242 474 et

255 527 306 585 per
320 519 492 566 mercatores
502 506 613 583 'perlato
627 505 664 562 ad
679 505 839 574 Britannos,
849 525 866 562 a
875 505 1071 581 compluribus
1085 506 1148 580 ejus
1162 507 1241 562 insu·

255 597 300 654 lae
315 598 478 654 civitatibus
490 595 523 652 ad
539 613 606 652 eum
621 594 708 670 legati
718 595 845 662 veniunt,
861 595 911 670 qui
925 594 1115 670 polliceantur
1128 594 1241 651 obsides

255 685 331 754 dare,
354 696 449 762 atque·
462 685 581 759 imperio
605 683 706 758 Populi
731 681 854 739 Romani
877 683 1083 758 obtemperare.
1125 682 1241 758 Quibus

224 774 368 843 banditio,
388 772 547 830 liberaliter
569 765 713 846 pollicitus
733 771 927 849 hortatusque,
942 781 974 828 ut
993 771 1024 826 in
1044 789 1080 828 ea
1101 771 1242 828 sententia

256 871 464 938 permanerent,
474 881 523 919 eos
532 861 646 916 domum
662 860 796 931 remittit3
813 869 841 916 et
855 878 923 916 cum
937 860 981 918 his
996 877 1054 916 una
1068 859 1240 927 Commium,

255 969 342 1026 quem
369 952 438 1026 ipse,
465 949 652 1006 Atrebatibus
679 950 829 1024 superatis,
855 966 953 1024 regom
981 949 1020 1004 ibi
1047 949 1241 1015 constituerat,

255 1040 342 1115 cujus
356 1049 383 1096 et
394 1040 529 1096 virtutem
544 1047 573 1096 et
586 1036 738 1104 consilium
753 1037 897 1113 probabat,
913 1047 940 1094 et
952 1054 1041 1112 quem
1056 1037 1110 1092 sibi
1127 1035 1242 1092 fidelem
1285 1029 1290 1034 ’

257 1128 457 1196 arbitrabatur,
483 1127 624 1202 cujusque
652 1127 807 1183 auctoritas
834 1128 864 1183 in
892 1126 927 1182 iis
951 1125 1117 1201 regionibns
1142 1125 1243 1198 magni

207 1217 245 1273 10
257 1215 424 1285 hebebatur,
437 1216 530 1272 mittit.
573 1215 652 1272 Huic
667 1216 797 1290 imperat,
807 1233 880 1288 quas
894 1215 989 1289 possit,
1005 1211 1087 1270 adeat
1101 1213 1243 1280 civitates,

256 1303 450 1380 horteturque,
460 1313 492 1361 ut
501 1303 601 1378 Populi
614 1303 737 1360 Romani
751 1304 836 1360 fidem
851 1315 1026 1377 sequantur3
1040 1319 1131 1378 seque
1141 1300 1243 1358 celeri-

257 1401 301 1448 ter
313 1413 349 1450 eo
364 1404 516 1450 venturum
533 1393 661 1450 nunciet.
702 1392 877 1459 Volusenus,
893 1392 1049 1466 perspectis
1069 1389 1243 1466 regionibus,

257 1491 397 1556 quantum
406 1483 433 1538 ei
447 1479 593 1538 facultatis
606 1481 668 1536 dari
684 1481 781 1554 potuit,
791 1481 840 1554 qui
855 1480 922 1536 navi
937 1479 1035 1554 egredi
1050 1496 1085 1536 ac
1100 1497 1131 1534 se
1143 1478 1243 1534 barbe·

258 1569 297 1624 ris
311 1571 488 1626 committere
502 1586 558 1624 non
573 1566 702 1635 auderet,
717 1569 815 1641 quinto
829 1566 875 1622 die
889 1565 925 1622 ad
946 1566 1102 1622 Caesarem
1125 1565 1244 1623 reverti·

208 1657 244 1712 15
257 1664 325 1725 tur;
348 1659 481 1730 quaeque
495 1656 535 1711 ibi
550 1655 749 1728 perspexisset,
765 1654 926 1711 renunciat.

298 1742 393 1800 XXII.
415 1742 493 1798 Dum
508 1743 537 1796 ln
552 1743 597 1798 his
609 1741 680 1798 locis
689 1741 798 1797 Caesar
811 1742 930 1796 navium
944 1740 1139 1816 parandarum
1153 1759 1246 1800 cansa

257 1839 392 1898 moratur,
412 1849 450 1886 ex
472 1847 578 1904 magna
602 1837 682 1902 parte
706 1828 883 1885 Morinorum
906 1821 944 1884 ed
964 1847 1032 1884 eum
1053 1829 1142 1905 legati
1158 1849 1245 1888 vone-

257 1927 333 1988 runt,
348 1919 398 1992 qui
412 1937 443 1974 se
456 1917 491 1974 de
504 1917 660 1991 superioris
674 1917 808 1991 temporis
830 1917 949 1973 oonsilio
970 1928 1153 1988 excusarent,
1168 1919 1246 1994 quod

257 2006 387 2064 homiues
413 2005 527 2062 barbari
551 2014 580 2062 et
602 2015 715 2062 nostrae
739 2005 954 2062 consuetudinis
982 2006 1106 2081 imperiti
1134 2007 1245 2064 bellum

206 2097 245 2154 20
258 2094 365 2170 Populo
388 2094 516 2151 Romano
538 2091 681 2163 fecissent,
704 2113 792 2169 seque
817 2113 861 2163 ea,
883 2113 958 2169 quae
983 2095 1161 2170 imperasset,
1186 2095 1245 2153 Iec-

257 2192 337 2242 turos
358 2183 571 2260 pollicerentur.
614 2182 678 2240 Hoc
701 2184 755 2240 sibi
777 2184 845 2240 satis
867 2193 1024 2258 opportune
1039 2183 1148 2241 Caesar
1169 2185 1244 2241 acci-

257 2272 333 2330 disse
348 2273 511 2341 arbitratus,
525 2272 601 2347 quod
616 2291 709 2350 neque
730 2281 792 2347 post
811 2281 926 2348 tergum
948 2273 1058 2330 hostem
1081 2273 1244 2347 reIInquer'e

258 2362 379 2432 volebat,
394 2380 488 2437 neque
502 2361 571 2420 belli
583 2361 703 2440 gerendi
718 2370 832 2437 propter
853 2362 919 2417 anni
943 2371 1055 2436 tempus
1077 2360 1245 2418 facultatem

258 2451 389 2522 habebat,
404 2471 498 2528 nequo
513 2453 566 2508 has
584 2451 763 2508 tantularum
782 2467 880 2506 rerum
894 2451 1096 2524 occupationes
1109 2449 1164 2505 sibi
1180 2449 1244 2506 Bri·

208 2549 246 2606 25
259 2545 373 2602 tanciae
388 2536 600 2618 anteponendas
617 2539 774 2616 judicabat,
790 2555 927 2614 magnum
942 2539 986 2595 his
1000 2537 1130 2594 obsidum
1144 2555 1245 2594 nume·

259 2651 325 2693 rum
348 2633 480 2708 imperat.
521 2630 637 2695 Quibus
658 2627 796 2696 adductis,
812 2647 861 2684 eos
875 2627 905 2682 in
919 2627 1004 2683 fidem
1024 2627 1142 2702 recepit.
1184 2625 1245 2682 Na-

258 2721 342 2778 vibus
354 2722 471 2778 circiter
485 2737 565 2778 nxxx
578 2719 717 2776 onerariis
731 2717 839 2774 coactis
852 2716 1072 2790 contractisque,
1087 2714 1163 2790 quod
1176 2717 1246 2772 satis

258 2825 320 2864 esse
342 2808 470 2864 adduas
491 2805 723 2884 transportandas
746 2805 874 2882 legiones
895 2804 1085 2871 existimabat,
1107 2803 1246 2879 quidqud
1280 2835 1282 2842 ν

258 2902 408 2967 praeterea
421 2894 540 2950 navium
555 2895 708 2970 longarum
722 2894 853 2962 habebat,
868 2893 1022 2967 quaestori,
1038 2892 1149 2967 legatis,
1165 2911 1244 2967 prae-

207 2989 245 3042 80
259 2978 398 3054 factisque
411 2980 565 3036 distribuit.
608 2981 676 3040 Huc
691 2982 867 3040 accedebant
887 2997 963 3038 xvrrr
977 2981 1135 3038 onerariae.
1145 2997 1244 3048 naves,

258 3085 333 3141 quae
347 3085 383 3123 ex
397 3086 431 3122 eo
445 3067 508 3124 loco
528 3068 564 3124 ab
585 3069 713 3127 millibus
736 3089 874 3145 passuum
888 3084 946 3126 vm
960 3078 1048 3126 vento
1064 3069 1244 3138 tenebantur,

257 3171 315 3228 quo
329 3155 424 3210 minus
438 3155 467 3210 in
482 3155 605 3212 eundem
620 3167 732 3231 portum
753 3159 903 3234 pervenire
925 3165 1047 3232 possent.
1089 3155 1153 3212 Hes
1166 3157 1244 3230 squi-

242 3241 334 3299 ·tibus
358 3236 519 3312 distribuit3
543 3243 688 3318 reliquum
708 3247 871 3303 exercitum
892 3246 930 3311 Q.
955 3246 1069 3302 Titurio
1089 3245 1197 3301 Sabino
1217 3253 1246 3302 et
1270 3246 1272 3253 '

258 3328 296 3388 L.
320 3329 524 3388 Aurunculeio
545 3330 645 3388 Cottae
672 3332 784 3408 legatis,
805 3336 835 3390 in
862 3334 1011 3410 Menapios
1039 3343 1125 3408 atque
1147 3334 1177 3388 ln
1198 3352 1246 3390 eos

206 3425 245 3482 86
258 3437 346 3496 pagos
366 3417 552 3487 Morinorum,
576 3419 612 3475 ab
634 3421 739 3494 quibus
762 3422 798 3478 ed
820 3441 888 3479 eum
911 3423 999 3499 legati
1019 3441 1076 3478 uon
1098 3428 1246 3502 venerant,

257 3505 458 3566 deducendum
478 3499 564 3564 dedit.
606 3506 638 3564 P.
654 3507 816 3584 Sulpicium
837 3510 948 3568 Rufum
969 3511 1106 3586 legatum,
1124 3529 1193 3566 cnm
1213 3527 1247 3566 eo

257 3596 407 3671 praesidio,
419 3594 494 3670 quod
508 3595 577 3652 satis
591 3613 654 3652 esse
668 3597 870 3667 arbitrabatur,
883 3609 996 3674 portum
1010 3608 1108 3654 tenere
1120 3598 1215 3673 jussit.

298 3682 407 3741 XXIII.
430 3682 485 3740 His
513 3685 673 3742 constitutis
700 3685 795 3755 rebus,
821 3697 925 3744 nactus
952 3687 1084 3744 idoneam
1105 3685 1142 3742 ad
1166 3685 1245 3743 navi-

256 3770 386 3846 gandum
400 3779 607 3849 tempestatem,
622 3773 707 3831 tertia
721 3770 784 3830 fere
797 3775 905 3856 vigilia
917 3775 1012 3845 solvit,
1026 3774 1195 3852 equitesque
1215 3773 1246 3830 in
