2826 4336
169 299 222 353 cro.
234 297 319 352 rr-ral
572 295 670 346 LIBER
688 295 818 348 sust.
1153 293 1214 352 119

178 481 184 488 -
209 437 306 498 XVII.
337 435 435 494 Deum
459 436 585 496 maxima
613 435 794 496 Mercurium
821 437 931 498 colunt.
973 439 1073 517 Hujus
1095 449 1163 498 sunt

169 527 295 604 plurima
310 527 486 585 simulacra:
507 527 586 584 huno
600 528 728 584 omnium
742 529 922 588 iuventorem
936 531 1041 588 artium
1056 529 1161 601 ierunt,

169 618 248 676 hunc
264 618 380 674 viarum
401 627 487 692 atque
501 607 638 679 itinerum
652 616 765 687 ducem,
780 618 859 676 hunc
874 619 909 676 ad
924 629 1061 696 quaestus
1075 639 1161 697 pocu-

168 709 237 768 nico
250 717 488 782 mercaturasque
503 705 610 765 habere
621 707 680 764 vim
695 708 853 770 maximam
866 709 1053 768 arbitrantur»
1095 710 1162 770 Post

169 797 257 867 hunc,
268 797 446 874 Apollinem,
456 806 484 856 et
493 795 626 866 Martem,
638 805 667 854 ct
678 795 789 868 Iovem,
801 805 830 856 et
843 798 1019 858 Mioervam.
1061 799 1161 859 Dahis
1174 803 1193 858 5

169 887 291 945 eandem
307 885 378 956 fere,
387 905 476 961 quem
490 884 621 961 reliquas
635 895 744 962 gentes,
755 885 861 946 habent
874 889 1049 964 opinionem:
1071 890 1160 966 Apol-

169 977 259 1034 linem
278 977 391 1035 morbos
411 975 575 1052 depellere3
599 975 761 1033 Minervam
780 995 901 1053 opernm
921 988 1006 1054 atque
1028 979 1160 1038 ertifioio.

170 1084 241 1123 rum.
257 1067 339 1123 initia
362 1065 531 1137 transdere3
553 1063 656 1122 Jovarn
675 1065 829 1142 imperium
850 1067 1020 1125 coelestium
1039 1077 1158 1140 tenore3

170 1154 296 1214 Martem
310 1154 386 1213 bella
406 1173 519 1231 regere.
562 1153 651 1224 Huic,
664 1173 757 1230 quum
777 1155 886 1230 proelio
899 1156 1039 1214 dimicare
1059 1159 1160 1214 consti-

169 1254 297 1314 tuerunt,
312 1263 357 1315 ea,
371 1263 447 1320 quae
462 1241 538 1306 bello
558 1244 699 1321 ceperint,
718 1243 889 1320 plerumque
903 1243 1064 1317 devovent,
1085 1263 1161 1320 quse
1177 1251 1214 1306 ltt

169 1335 378 1412 superaverint,
391 1333 529 1392 animalia
540 1343 625 1410 capta
635 1333 803 1393 immolant:
824 1333 951 1408 reliquas
965 1335 1055 1393 resin
1069 1351 1163 1392 unum

169 1423 268 1482 locum
292 1423 454 1481 omiserunt.
498 1421 600 1482 Multis
623 1423 653 1480 in
678 1421 844 1480 civitatibus
867 1421 971 1480 harum
987 1440 1091 1480 rerum
1112 1438 1161 1482 ex-

169 1523 293 1572 structos
317 1511 444 1572 tumulos
467 1512 538 1571 locis
561 1513 737 1570 consecratis
760 1513 923 1590 conspicari
950 1511 1038 1571 licet:
1066 1531 1162 1592 neque

169 1623 256 1680 saepe
271 1603 386 1675 accidit,
402 1614 442 1674 ut,
457 1602 593 1680 neglecta
605 1603 750 1680 quispiam
763 1601 911 1680 religione,
923 1613 973 1662 eut
987 1613 1073 1680 capta
1084 1605 1162 1681 apud

169 1713 202 1752 se
215 1694 372 1764 occultare,
389 1704 439 1751 eut
458 1694 550 1770 posita
569 1692 670 1751 tollere
691 1692 811 1750 auderet
821 1713 831 1766 ;
853 1693 1114 1772 gravissimumque
1134 1696 1161 1752 ei
1176 1695 1213 1752 ln

170 1785 213 1842 rei
227 1783 403 1860 supplicium
416 1799 485 1841 cum
500 1783 634 1840 cruciatu
648 1783 834 1842 constitutum
848 1792 902 1840 cst.

133 1913 142 1918 -
211 1871 322 1931 XVIII.
344 1871 424 1930 Galli
438 1891 469 1930 se
480 1889 580 1930 omncs
590 1871 627 1928 ab
635 1870 703 1929 Dite
713 1881 794 1949 patre
809 1882 961 1950 prognatos
975 1875 1159 1952 praedicant;

169 1962 256 2039 idque
271 1963 307 2022 ab
317 1960 478 2019 Druidibus
492 1959 634 2038 proditum
644 1961 754 2019 dicunt.
796 1961 842 2020 Ob
854 1971 921 2020 eam
936 1983 1055 2025 causam
1069 1965 1164 2040 spatia

169 2051 263 2110 omnis
282 2051 418 2128 temporis
439 2069 496 2108 non
517 2068 638 2108 numero
660 2049 782 2119 dierum,
804 2051 856 2110 sed
880 2055 1017 2124 noctium,
1038 2054 1160 2114 finiunt:

169 2141 231 2199 dies
246 2139 364 2211 natales,
378 2150 408 2198 et
421 2141 564 2198 mensium
579 2149 607 2198 et
627 2157 768 2198 annorum
788 2141 870 2198 initia
889 2143 932 2200 sic
953 2143 1113 2213 observant,
1129 2151 1161 2201 ut
1173 2145 1216 2200 20

169 2239 283 2288 noctem
294 2229 355 2288 dias
368 2231 573 2306 subsequatur.
615 2228 648 2289 Iu
659 2228 778 2306 reliquis
786 2231 862 2288 vitae
876 2233 1021 2302 institutis,
1031 2233 1085 2290 hoc
1100 2229 1163 2292 iero

170 2321 207 2379 ab
222 2319 342 2395 reliquis
354 2319 499 2388 differunt,
509 2318 583 2394 quod
597 2337 665 2376 suos
678 2317 791 2389 liberos,
800 2321 856 2376 nisi
870 2339 961 2396 quum
975 2321 1161 2392 adoleverint,

170 2419 202 2467 ut
216 2425 323 2466 munus
343 2407 463 2466 militiae
485 2409 627 2466 sustinere
649 2409 766 2484 possiet,
782 2408 878 2484 palem
900 2407 936 2464 ad
950 2427 981 2466 se
1004 2409 1084 2466 adire
1104 2429 1162 2466 non

80 2504 91 2516 ”
169 2499 336 2576 patiuntur3
359 2498 509 2573 filiumque
530 2498 635 2574 puerili
655 2507 747 2556 aetate
770 2497 800 2554 iu
823 2496 947 2573 publico,
962 2497 991 2553 in
1005 2509 1162 2573 conspectu

169 2589 269 2666 petris,
283 2587 427 2657 assistere,
442 2597 525 2663 turpe
540 2585 660 2644 ducunt.
1173 2588 1215 2642 2³

209 2677 293 2736 XIX.
324 2675 398 2746 Viri,
422 2686 548 2752 quantas
567 2677 705 2752 pecunias
729 2677 766 2734 ab
790 2675 929 2736 uxoribus
950 2675 1024 2734 dotis
1047 2676 1163 2735 nominc

169 2776 354 2843 acceperunt,
379 2776 473 2823 tantas
496 2785 533 2824 ex
558 2767 618 2824 suis
642 2767 732 2836 bonis,
757 2765 954 2825 aestimatione
979 2764 1064 2835 iacta,
1093 2783 1162 2824 cunr
1216 2785 1222 2791 ·

169 2856 283 2914 dotibus
311 2856 535 2914 communicant.
579 2855 677 2932 Hujus
703 2855 796 2912 omnis
817 2855 960 2931 pecuniae
985 2855 1162 2932 conjunctim

170 2946 242 3004 ratio
256 2944 388 3013 habetur,
404 2941 573 3021 fructusque
587 2955 757 3002 servantur:
778 2954 843 3004 uter
856 2963 956 3002 eorum
971 2946 1030 3004 vita
1044 2965 1161 3024 snpera-

170 3037 215 3105 rit‚
223 3033 258 3092 ad
268 3051 336 3092 eum
345 3048 411 3110 pars
422 3035 574 3110 utriusque
580 3053 649 3092 cum
659 3032 801 3092 fructibus
809 3035 991 3110 seponerem
1000 3045 1161 3114 temporum
1175 3037 1214 3094 30

169 3125 309 3201 pervenit.
352 3123 418 3181 Viri
445 3125 475 3181 in
504 3141 617 3193 uxores,
642 3124 718 3181 sicut
738 3124 768 3180 in
793 3123 906 3195 liberos,
928 3127 1004 3184 vitea
1023 3127 1162 3204 necisque

169 3214 276 3272 habent
297 3221 484 3290 potestatem:
504 3221 535 3270 ot
555 3230 646 3288 quum
669 3220 751 3288 petor
772 3212 908 3284 familiae,
928 3213 1077 3274 illustriori
1098 3217 1162 3275 loco

168 3313 263 3372 natus,
278 3302 410 3373 decessit,
425 3303 489 3378 ejus
504 3302 655 3378 propinqui
669 3303 853 3372 conveniunt,
869 3313 907 3373 ot,
921 3303 958 3362 do
972 3316 1061 3362 morte
1075 3306 1101 3362 si
1115 3325 1162 3364 rea

168 3393 199 3450 in
217 3393 410 3468 suspicionem
425 3391 511 3462 venit,
527 3390 562 3448 de
577 3390 714 3449 uxoribus
728 3391 758 3448 in
777 3391 914 3450 servilem
928 3393 1044 3450 modum
1056 3411 1161 3467 quaes-

167 3483 275 3540 tionem
299 3481 424 3554 hebent3
447 3491 485 3551 et,
506 3481 531 3538 si
556 3491 735 3557 compertum
759 3490 811 3550 ast,
834 3482 895 3558 igni
920 3491 1005 3557 atquc
1025 3480 1162 3542 omnibus
1176 3481 1214 3536 δῦ

168 3572 317 3630 tormentis
338 3571 524 3630 excruciatas
547 3570 734 3628 interficiunt.
776 3569 895 3628 Funera
918 3579 986 3626 sunt
1009 3587 1061 3643 pro
1079 3567 1162 3626 cultu

167 3659 323 3720 Gallorum
348 3660 505 3738 magnilica
528 3669 557 3717 at
580 3670 767 3736 sumptucss3
798 3659 963 3732 omniaque,
987 3656 1163 3730 quantivis

168 3751 248 3809 cordi
262 3750 352 3826 inisse
367 3749 553 3819 arbitrantur,
569 3749 599 3805 io
620 3749 719 3826 ignem
734 3745 872 3815 inierunt,
894 3744 982 3800 etiam
1003 3743 1161 3802 animalia:

167 3858 204 3899 ac
217 3840 306 3918 paulo
318 3857 412 3916 eupra-
421 3839 498 3902 haao
512 3837 680 3896 memoriam
699 3835 777 3894 cerri
790 3843 819 3892 et
839 3831 969 3902 clientes,
983 3849 1056 3908 quos
1069 3831 1114 3890 ab.
1125 3833 1162 3892 iis
