2826 4336
157 299 213 346 Cer.
225 300 289 354 bu]
559 295 655 346 usus
672 299 822 352 QUINTUS.
1169 291 1214 348 ss't

157 453 269 508 parare
282 435 418 494 instituit.
461 431 518 490 Sed
532 432 737 510 posteaquam
757 435 898 494 nonnulli
910 436 1054 511 principes
1070 455 1107 494 ex
1121 431 1157 494 sa

157 525 291 594 civitate,
321 534 350 582 et
379 524 575 582 familiaritate
602 525 795 602 Cingetorigis
822 525 948 595 adducti,
976 535 1004 583 et
1031 525 1156 584 adventu

157 617 253 671 nostri
267 615 415 672 exercitus
429 615 581 688 perterriti,
603 614 638 670 ad
658 614 813 672 Caesarem
828 625 977 684 venerunt,
993 623 1021 672 et
1039 615 1075 673 ds
1095 616 1156 672 suis

158 704 302 778 privatim
317 703 403 760 rebus
418 703 455 758 ab
469 721 503 758 eo
517 712 615 778 patere
637 715 801 778 coeperunt,
817 705 953 778 quoniam
965 705 1074 766 civitati
1088 723 1154 762 con-
1219 768 1220 771 Ἴ

131 791 135 794 ’
159 792 261 849 sulere
286 809 343 848 non
368 799 501 864 possent:
529 790 739 848 indutiomarus
763 793 880 861 veritus,
905 811 942 850 ne
965 794 1000 850 ab
1023 794 1187 852 omnibusb

158 879 357 948 desereretur,
382 880 493 955 legatos
521 879 556 936 ad
580 879 734 939 Caesarem
758 882 863 952 mittit;
889 881 959 939 Sese
987 881 1094 940 idcirco
1118 883 1155 940 ab

159 970 226 1026 suis
248 969 407 1037 discedere,
430 978 518 1043 atque
538 968 573 1025 ad
595 987 663 1026 eum
683 971 781 1026 venire
803 971 938 1038 noluisse,
960 989 1018 1045 quo
1040 971 1155 1028 facilius

160 1058 314 1116 civitatem
335 1058 364 1112 in
385 1056 480 1114 officio
502 1058 667 1126 contineret,
682 1076 718 1116 ne
739 1059 830 1114 omnis
852 1058 1005 1116 nobilitatis
1026 1059 1156 1118 discessu

161 1145 248 1218 plebs
270 1155 385 1221 propter
407 1144 628 1219 imprudentiam
649 1145 805 1203 laberetur.
847 1145 947 1218 itaque
971 1165 1034 1202 esse
1056 1148 1154 1203 civita-

161 1243 225 1290 tem
238 1236 269 1290 in
282 1251 338 1292 sua
351 1243 496 1309 potestate,
511 1252 609 1308 seque,
623 1235 648 1290 si
668 1233 777 1290 Caesar
791 1233 977 1308 permitteret,
992 1232 1029 1286 ad
1043 1249 1111 1287 eum
1124 1233 1155 1288 in
1170 1235 1207 1290 10

163 1333 264 1380 eastra
277 1332 443 1390 venturum,
457 1332 485 1378 et
499 1341 567 1378 suas
581 1322 763 1395 civitatisque
779 1320 906 1376 Ionunas
927 1319 990 1394 ejus
1007 1319 1074 1374 fidei
1093 1335 1155 1394 per-

165 1412 337 1468 missurum.

209 1499 260 1557 IV.
284 1499 401 1568 Caesar,
417 1499 470 1556 etsi
487 1498 664 1576 intelligebat
685 1513 743 1571 qua
764 1495 905 1552 decanea
925 1512 962 1554 ea
981 1493 1155 1564 dicerentur,

168 1602 301 1666 quaeque
316 1607 383 1644 eum
405 1606 451 1644 res
472 1587 508 1644 ab
528 1589 656 1644 instituto
676 1585 795 1643 consilio
813 1583 977 1652 deterreret,
991 1594 1096 1652 tamen,
1117 1601 1154 1640 ne

170 1687 306 1734 aestatem
321 1677 350 1732 in
365 1675 495 1733 Treviris
514 1693 685 1732 consumere
707 1683 867 1750 cogeretur,
882 1673 1015 1732 omnibus
1035 1672 1070 1730 ad
1090 1671 1152 1732 Bri·
1169 1676 1206 1730 lb

172 1767 317 1822 tauricum
332 1763 439 1822 bellurn
454 1765 539 1821 rebus
553 1763 733 1840 comparatis,
749 1762 974 1820 Indutiomarum
989 1760 1071 1820 adse
1085 1781 1153 1820 oum

172 1853 300 1910 ducentis
322 1853 467 1910 obsidibus
487 1853 585 1910 venire
604 1853 700 1926 jussit.
742 1851 797 1908 His
818 1850 956 1920 adductis,
978 1852 1063 1910 iniis
1084 1851 1154 1921 lilio,

174 1943 391 2018 propinquisque
418 1941 481 2015 ejus
507 1941 648 2009 omnibus,
676 1959 747 2015 quos
777 1941 944 1998 nomInatim
972 1951 1152 2010 evocaverat,

172 2031 331 2088 consolatus
346 2029 574 2087 Indutiomarum
595 2029 780 2104 hortatusque
795 2039 846 2098 est,
862 2031 904 2087 uti
927 2030 956 2085 in
976 2029 1070 2086 officio
1090 2047 1163 2104 per-⁴

172 2129 315 2176 maneret:
336 2118 424 2177 nihilo
442 2128 539 2174 tamen
553 2119 657 2186 secius,
672 2118 847 2192 principibus
862 2118 1050 2175 Trevirorum
1065 2118 1101 2174 ad
1121 2136 1152 2174 se
1166 2123 1205 2178 20

172 2207 341 2275 convocatis,
356 2207 407 2262 hos
417 2206 583 2282 singillatim
591 2206 766 2282 Cingetorigi
776 2207 956 2264 conciliavit:
978 2207 1053 2280 quod
1064 2223 1155 2282 quum

172 2299 270 2356 merito
284 2297 347 2370 ejus
362 2295 397 2352 ab
411 2315 442 2352 se
457 2296 520 2352 lieri
534 2295 711 2372 intelligebat
725 2305 786 2351 tum
800 2296 898 2372 magni
919 2297 1057 2374 iuteresse
1079 2296 1153 2351 arbi-

171 2387 310 2454 trabatur,
324 2385 387 2461 ejus
402 2384 599 2440 auctoritatem
614 2385 688 2442 iuter
698 2401 764 2440 suos
777 2401 865 2457 quam
879 2381 1035 2456 plurimum
1047 2383 1154 2451 valere,

172 2475 255 2549 eujus
268 2484 327 2530 tam
336 2473 482 2548 egregiam
496 2473 528 2531 in
540 2490 571 2530 se
582 2473 758 2532 voluntatem
771 2471 971 2546 perspexisset.
1000 2469 1032 2526 Id
1047 2467 1156 2524 factum

171 2565 298 2639 graviter
312 2561 611 2630 tulitindutionarus,
625 2580 709 2619 suam
724 2560 847 2635 gratiam
867 2558 941 2614 inter
955 2575 1021 2614 suos
1042 2556 1133 2612 minui
1144 2574 1153 2626 3
1166 2563 1207 2618 25

172 2663 207 2723 et,
222 2654 272 2729 qui
284 2653 428 2727 jamante
441 2650 557 2708 inimico
570 2651 601 2708 in
615 2671 666 2708 nos
686 2649 782 2707 animo
803 2645 912 2714 inisset,
927 2644 1017 2702 multo
1037 2643 1157 2720 gravius

172 2745 224 2802 hoc
239 2743 334 2800 dolore
349 2741 467 2800 exarsit.
599 2800 602 2806 ,

210 2833 249 2888 V.
272 2831 327 2888 His
351 2831 438 2888 rebus
461 2830 629 2900 constitutis,
653 2829 763 2888 Caesar
784 2827 820 2884 ad
842 2835 955 2902 portum
978 2823 1066 2882 Itium
1087 2842 1156 2881 cum

172 2920 331 2998 legionibus
345 2920 484 2995 pervenit.
525 2919 568 2978 Ibi
582 2919 738 2996 cognoscit,
752 2936 790 2976 xn
804 2935 902 2986 naves,
917 2935 992 2992 quae
1006 2915 1037 2972 in
1051 2913 1156 2974 Meldis

174 3010 265 3068 iactae
278 3019 369 3078 erant,
384 3018 550 3084 tempestate
564 3009 696 3083 rejectae,
711 3025 829 3066 cursum
839 3017 938 3065 tenere
949 3025 1005 3064 non
1020 3007 1154 3084 potuisse,
1166 3011 1205 3068 30

174 3110 258 3174 atque
272 3099 381 3166 eodem,
397 3097 472 3154 unde
493 3107 576 3156 eraut
597 3095 751 3172 profestos,
767 3098 934 3156 revertisse:
957 3097 1083 3171 reliquas
1107 3115 1155 3172 pa.

174 3199 249 3246 ratas
263 3189 300 3244 ad
314 3187 519 3263 navigandum,
531 3195 616 3260 atque
627 3186 758 3244 omnibus
772 3187 858 3244 rebus
872 3187 1025 3244 instructas
1035 3186 1154 3260 invenit.

174 3276 282 3334 Eodem
306 3277 392 3334 totius
417 3275 531 3332 Galliae
555 3275 698 3348 equitatus
722 3277 863 3345 convenit,
888 3294 1008 3348 pumero
1032 3275 1157 3332 millium

173 3375 304 3440 quatuor,
319 3365 519 3444 principesque
533 3363 665 3421 omuibus
678 3382 714 3420 ex
725 3364 905 3422 civitatibus:
928 3383 964 3420 ex
978 3363 1083 3438 quibus
1094 3379 1156 3435 per·

174 3473 289 3528 paucos,
301 3471 425 3528 quorum
437 3454 468 3509 in
482 3471 513 3508 se
527 3451 613 3508 fidem
627 3462 819 3528 perspexerat,
829 3453 993 3526 relinquere
1008 3450 1037 3504 in
1049 3447 1156 3514 Galila,
1168 3447 1207 3502 85

175 3544 300 3618 reliquos
309 3542 440 3599 obsidum
454 3541 516 3601 loco
530 3559 629 3600 secum
644 3541 750 3598 ducere
761 3541 928 3600 decreverat
940 3559 948 3610 ς
972 3533 1056 3610 quod,
1067 3551 1159 3606 quum

132 3696 135 3704 ¹
174 3634 234 3708 ipse
248 3633 371 3699 abesset,
385 3640 492 3690 motum
508 3629 623 3688 Galliae
638 3629 801 3689 verebatur.

213 3720 267 3778 VI.
291 3719 364 3778 Erat
378 3738 436 3776 uua
457 3737 525 3776 cum
539 3719 663 3776 caeteris
683 3715 845 3775 Dumnorix
860 3711 992 3776 Aeduus,
1008 3705 1043 3764 de
1064 3726 1125 3782 quo¹
1142 3727 1161 3769 a

174 3810 256 3866 nobis
270 3817 355 3867 antea
368 3807 475 3868 dictum
490 3818 542 3866 est.
585 3807 675 3865 Hunc
688 3819 789 3860 secum
803 3801 910 3860 habere
924 3797 952 3852 iu
975 3795 1074 3872 primis
1094 3815 1160 3879 eon.
