2830 4326
184 281 229 344 aa
450 249 454 256 ’
539 283 582 330 oa
603 281 867 332 sentosarum
1068 282 1222 336 [claram.

235 426 318 482 nerlu
332 421 487 500 praeerat)
508 437 609 478 eorum
631 418 702 494 luga
724 407 870 496 reliquum
893 439 956 478 esse
979 420 1146 496 equitatum
1159 439 1222 498 per-

235 513 378 572 territum.
442 525 445 533 ·
502 502 505 504 ’
712 580 713 583 ¹
938 557 942 562 .
1011 583 1018 594 Ι

275 600 356 659 ΧΙΧ.
379 599 495 664 Quibus
520 599 607 656 rebus
628 599 760 676 eoguitis,
785 617 876 674 quum
904 599 942 656 ad
967 600 1020 658 has
1046 600 1254 676 suspioiouest

233 691 412 756 uertissiruaa
427 707 473 746 res
487 687 668 758 accederent,
687 689 764 765 quod
785 708 837 766 par
851 690 923 748 linea
937 690 1139 766 Sequanorum
1152 689 1223 750 Hel·

202 782 324 848 arados
347 779 529 849 traduxisset,
553 779 628 854 quod
650 779 762 839 obsides
785 781 860 838 inter
880 799 929 838 eoa
950 779 1059 838 dandos
1082 791 1222 851 eurusaot,

233 871 309 945 quod
323 889 359 928 ea
373 869 478 938 omnia,
493 886 550 926 nou
571 867 654 927 modo
674 869 787 944 injussu
808 887 861 928 suo
881 879 910 927 et
924 870 1057 938 civitatis,
1072 869 1224 930 sedetiam

232 959 423 1018 inscientibus
435 958 505 1034 ipsis
520 956 642 1027 lecisset,
654 957 730 1033 quod
741 977 759 1016 a
769 959 939 1036 magistratu
952 957 1122 1016 Aeduorum
1136 977 1223 1016 aeau-

231 1057 346 1110 saretur
357 1069 367 1122 ;
389 1049 458 1106 satis
478 1067 541 1108 ease
562 1067 669 1108 oausaa
693 1049 895 1119 arbitrabatur,
917 1067 1008 1126 quare
1032 1049 1062 1106 iu
1083 1065 1152 1106 eum
1173 1058 1224 1106 aut

230 1139 294 1214 ipse
321 1137 570 1208 animadverteret,
593 1147 651 1197 aut
674 1139 819 1198 eivitatem
843 1138 1074 1196 animadvertere
1096 1137 1222 1212 juberet.

183 1239 219 1294 lt]
233 1228 289 1288 His
302 1229 435 1287 omnibus
456 1229 544 1286 rebus
565 1245 657 1285 unum
672 1229 859 1304 repugnabat,
874 1228 950 1305 quod
965 1227 1105 1286 Divitiaoi
1126 1224 1225 1286 fratris

232 1337 379 1376 summum
404 1319 434 1375 in
458 1317 601 1394 Populum
625 1317 789 1376 Romanum
812 1318 949 1388 studium,
973 1335 1117 1376 summam
1141 1318 1171 1374 iu
1192 1337 1224 1376 se

232 1409 418 1478 voluntatem,
433 1409 582 1486 egregiam
597 1407 693 1477 fidem,
712 1407 865 1483 justitiam,
880 1409 1099 1486 temperantiam
1119 1424 1223 1484 eogno-

232 1509 333 1558 verat:
355 1517 432 1567 nem,
447 1515 486 1556 ne
506 1497 570 1572 ejus
593 1497 734 1574 supplicio
749 1496 887 1556 Divitiaei
908 1499 1037 1574 animum
1058 1496 1222 1566 offenderet,

233 1587 399 1645 verebatur.
441 1585 553 1660 ltaque,
568 1588 737 1661 priusquam
755 1588 912 1662 quidquam
926 1597 1088 1666 conaretur,
1104 1587 1222 1644 Divitia-

182 1685 220 1740 15
233 1692 301 1734 oum
316 1675 351 1732 ad
365 1694 397 1732 se
408 1675 508 1731 vocari
519 1674 620 1749 jubet;
643 1685 680 1743 et,
695 1676 867 1749 quotidianis
881 1678 1085 1753 interpretibus
1099 1677 1223 1747 remotis,

233 1782 285 1840 per
305 1764 340 1822 C.
362 1763 517 1820 Valerium
540 1762 706 1834 Procillum,
730 1766 889 1842 principem
911 1766 1027 1825 Galliae
1049 1767 1222 1844 provinciae,

234 1853 407 1914 familiarem
429 1869 525 1920 suum,
541 1853 590 1908 eui
610 1869 753 1910 summam
767 1856 896 1912 omnium
916 1874 1014 1915 rerum
1037 1855 1124 1914 fidem
1137 1855 1222 1914 habe·

232 1943 289 2012 bat,
312 1961 380 2000 oum
405 1961 439 1999 eo
463 1940 655 2014 colloquitur:
687 1943 774 2001 simul
799 1944 1029 2016 commonefacit,
1053 1965 1138 2021 quae,
1160 1947 1224 2022 ipso

232 2041 391 2108 praesente,
405 2032 437 2088 iu
449 2032 573 2090 ooueilio
594 2031 746 2092 Gallorum
768 2033 804 2092 de
819 2032 998 2113 Dumnorige
1018 2036 1075 2093 siut
1088 2035 1174 2105 diota,
1195 2045 1224 2094 et

171 2122 218 2186 ‘so
231 2121 362 2191 ostendit,
377 2139 453 2196 quae
467 2123 621 2198 separatim
634 2123 757 2198 quisque
772 2123 807 2182 de
825 2143 862 2182 eo
875 2125 951 2200 apud
965 2145 996 2182 aa
1011 2125 1133 2182 dixerit:
1154 2126 1224 2200 petit

232 2221 318 2286 atque
340 2211 524 2280 hortatamur
544 2213 606 2270 sine
625 2212 689 2286 ejus
715 2212 871 2270 offensione
885 2213 976 2270 animi
992 2213 1038 2270 vel
1053 2213 1114 2287 ipse
1129 2212 1164 2270 de
1178 2233 1222 2285 eo,

231 2319 323 2360 eausa
336 2302 460 2378 cognita,
475 2309 591 2371 statuat,
606 2302 654 2359 vel
668 2301 817 2359 civitatem
829 2310 958 2361 statuere
968 2300 1083 2374 jubeat,

273 2389 339 2448 XX.
363 2389 527 2450 Divitiaous
542 2391 640 2450 multis
654 2409 723 2448 oum
734 2389 894 2466 lachrymis
908 2390 1065 2449 Gaesarem
1079 2393 1222 2468 complex.

232 2499 267 2538 us
290 2481 444 2540 obsecrare
464 2483 567 2558 eoepit,
582 2481 630 2542 Ne
652 2479 721 2556 quid
735 2480 856 2558 gravius
874 2481 905 2538 in
924 2478 1042 2538 fratrem
1065 2490 1222 2541 statueret:

179 2583 218 2639 αδ
231 2572 307 2630 seire
320 2591 352 2630 se
366 2573 418 2631 illa
431 2593 495 2632 esse
515 2587 604 2646 vera3
627 2591 682 2630 nee
699 2591 865 2649 quenquam
886 2589 923 2630 ex
942 2591 976 2630 eo
990 2573 1064 2649 plus,
1079 2592 1167 2649 quam
1181 2593 1222 2645 se,

230 2661 336 2722 doloris
357 2681 471 2740 capere,
486 2673 639 2741 propterea
656 2662 741 2738 quod,
757 2681 847 2737 quum
867 2662 928 2739 ipse
948 2664 1043 2740 gratia
1067 2664 1224 2740 plurimum

230 2750 307 2807 domi
321 2760 407 2825 atque
417 2749 448 2807 in
462 2753 575 2826 reliqua
585 2751 693 2821 Gallia,
703 2752 753 2808 ille
767 2753 919 2810 usuimum
934 2753 1222 2828 propteradolesoeu·

230 2838 300 2894 tiam
315 2849 417 2912 posset,
433 2858 484 2914 per
505 2859 536 2896 se
558 2837 715 2898 er'evisset:
736 2841 966 2918 quibus-opibus
988 2860 1024 2898 ao
1045 2843 1151 2912 nervis,
1166 2861 1223 2902 nou

231 2925 324 2984 solum
339 2926 373 2984 ad
389 2927 575 2985 minuendam
585 2930 718 3004 gratiam,
733 2929 787 2988 ssd
803 2949 894 3007 paene
915 2931 951 2990 ad
966 2931 1124 3006 perniciem
1138 2949 1222 2990 suam

179 3027 218 3084 qq
232 3022 380 3073 uteretur:
401 3033 464 3074 sese
478 3026 575 3074 tamen
589 3025 618 3074 et
632 3037 729 3078 amore
741 3018 868 3079 fraterno
877 3031 907 3080 et
917 3020 1126 3078 existimatione
1139 3021 1222 3098 vulgi

230 3106 416 3163 eommovari.
458 3105 584 3172 Quodsi
605 3107 674 3182 quid
689 3109 716 3166 ei
739 3131 757 3168 a
770 3111 898 3170 Caesare
918 3111 1039 3189 gravius
1059 3111 1221 3184 aaoidisset,

229 3211 321 3267 quum
335 3193 396 3270 ipse
409 3213 477 3252 eum
492 3195 588 3254 looum
602 3197 748 3256 amicitiae
769 3202 846 3276 apud
859 3219 928 3260 sum
942 3210 1061 3272 terreret,
1076 3201 1221 3260 neminem

230 3283 471 3366 erismatorum,
494 3302 551 3342 nou
573 3303 628 3344 sua
642 3287 789 3348 voluntate
812 3289 941 3350 lautum:
962 3309 1022 3365 qua
1040 3309 1077 3350 ax
1096 3309 1130 3349 re
1145 3290 1221 3352 iutu-

230 3391 305 3443 rum,
318 3373 359 3432 uti
373 3373 459 3434 totius
470 3373 586 3436 Galliae
600 3376 690 3434 animi
704 3397 723 3434 a
736 3397 767 3436 se
781 3391 991 3442 averterentur.
1033 3381 1117 3440 Hwo
1130 3401 1221 3458 quum

178 3471 217 3532 25
229 3463 362 3540 pluribus
376 3462 472 3522 verbis
485 3464 558 3522 llsns
572 3464 730 3524 acassam
751 3477 870 3543 peteret,
884 3469 994 3530 Caesar
1007 3471 1072 3548 ejus
1091 3471 1222 3532 dextram

229 3553 360 3629 prendit:
390 3553 554 3612 eooselatus
583 3564 673 3633 rogat,
697 3556 787 3614 finem
810 3559 911 3616 orandi
936 3559 1041 3620 meiat:
1062 3563 1134 3620 tanti
1158 3555 1223 3638 ejus

229 3643 305 3720 apud
319 3663 351 3702 ss
364 3645 490 3722 gratiam
503 3660 568 3704 essa
590 3645 721 3717 ostendit,
737 3647 779 3706 uti
793 3657 823 3706 et
836 3645 1027 3724 Reipublicae
1041 3652 1178 3728 injuriam
1192 3659 1221 3710 et

228 3751 315 3792 suum
328 3733 455 3795 dolorem
470 3734 537 3812 ejus
549 3735 689 3800 voluntati
704 3754 740 3796 aa
754 3737 889 3814 preoibus
898 3739 1049 3800 condonet.
1091 3739 1219 3801 Durnno·

229 3820 320 3898 rigam
335 3823 371 3884 ad
382 3843 417 3888 aa
431 3834 534 3898 vocat:
557 3824 677 3889 tatas
690 3827 807 3890 adhibet
818 3847 827 3902 3
850 3847 925 3905 quae
935 3829 965 3890 iu
976 3847 1011 3886 eo
1020 3828 1220 3904 reprehendat,
