2804 4312
179 254 232 304 co.
244 255 288 308 ra]
579 255 673 302 namt
692 257 818 306 narnus.
1010 214 1012 218 Ι
1176 251 1214 312 21

178 411 265 470 quam
289 393 344 469 Ipsi
370 393 564 469 magistratus.
607 393 671 451 Hos
690 394 822 452 seditiosa
844 403 929 470 atque
954 396 1083 476 improba
1102 417 1166 457 ora.

179 484 253 540 tione
268 481 483 540 multitudinem
497 481 651 553 deterrere,
667 503 703 540 ne
723 481 898 540 frumentum
920 483 1076 555 conferant,
1091 487 1166 562 quod

178 582 323 650 praestare
337 571 469 628 debeant.
512 571 545 628 si
555 573 617 646 jam
631 573 824 648 principatum
840 572 954 630 Galliae
968 573 1095 634 obtinere
1109 595 1166 634 non

179 665 292 740 possint,
305 663 466 732 Gallorum,
478 681 566 738 qaam
582 663 786 733 Romanorum,
801 664 922 739 mperto
936 663 1062 739 perferre
1076 669 1167 724 satim

179 774 258 826 esse3
282 753 523 830 nequedubitare
537 754 651 823 debere,
666 755 746 830 quin,
761 755 794 812 six
805 753 954 812 Helvetios
967 759 1167 832 superaverint
1179 767 1198 820 t

182 844 311 914 Romani,
327 862 469 902 unacum
483 843 595 918 reliqua
609 843 708 901 Gallia
718 843 831 902 Aeduis
844 843 1006 904 IIbertatem
1020 849 1076 906 sint
1086 863 1165 924 erep-

179 936 245 992 turi.
289 936 337 992 Ab
351 935 454 992 iisdem
468 944 566 991 nostra
576 935 705 1004 consilio,
715 952 847 1011 quaeque
858 937 888 992 in
902 938 1005 994 castris
1018 948 1166 1014 gerantur,

179 1025 305 1082 hostibus
319 1024 487 1082 enunciari:
509 1024 561 1082 hos
575 1043 594 1079 a
609 1041 640 1080 se
655 1025 853 1082 cormeriaco
868 1043 967 1100 posse:
987 1029 1166 1100 quinetiam,

178 1114 253 1189 quod
282 1114 445 1172 necessario
472 1131 534 1170 rem
562 1112 682 1170 Caesari
709 1115 884 1183 enunciarit,
909 1115 1072 1191 intelligere
1094 1135 1167 1184 sese,

179 1212 286 1280 quanto
299 1203 328 1280 id
341 1220 411 1258 cum
425 1201 553 1278 periculo
573 1201 681 1271 feccrit,
701 1211 730 1260 et
743 1203 779 1259 ob
793 1221 858 1259 eam
872 1220 1002 1272 causam,
1017 1219 1105 1278 quam
1119 1203 1168 1261 diu
1184 1211 1220 1266 10

181 1292 314 1371 potuerit,
328 1292 464 1348 tacuisse.
559 1315 562 1322 ⁴

224 1379 335 1438 XVIII.
357 1381 466 1438 Caesar
479 1383 533 1440 hac
554 1383 682 1441 cranone
697 1380 778 1438 Lisci
799 1379 1017 1458 Dumnorigem,
1033 1380 1171 1440 Diritiaci

182 1471 312 1539 fratrem,
328 1470 471 1546 designari
484 1473 641 1530 sentiebat:
663 1471 722 1542 sed,
738 1471 813 1546 quod
828 1470 960 1547 pluribus
974 1473 1171 1547 praesentibus

180 1581 232 1618 eas
253 1579 301 1617 ras
320 1560 427 1636 jactari
446 1560 569 1631 nolebat,
584 1563 718 1620 celeriter
732 1562 889 1620 concilium
910 1561 1033 1632 dimittit,
1048 1561 1169 1620 Liscum

180 1650 299 1708 retinet:
320 1649 433 1724 quaerit
447 1665 483 1706 ax
497 1649 558 1708 solo
572 1669 615 1720 aa,
630 1669 705 1725 quae
720 1651 749 1708 in
770 1659 913 1708 conventu
928 1651 1049 1708 dixerat.
1091 1651 1170 1709 Dicit
1185 1659 1222 1714 15

181 1740 301 1798 libarius
315 1749 408 1816 *atque
432 1738 582 1798 audacius.
625 1740 735 1798 Eadem
757 1751 868 1798 secreto
890 1740 926 1798 ab
947 1741 1013 1798 aliis
1034 1743 1169 1816 quaerit3

182 1831 287 1907 reperit
300 1849 364 1888 asse
378 1843 469 1886 vera:
491 1828 589 1906 Ipsum
609 1849 672 1888 esse
687 1828 896 1906 Dumnorigem
909 1848 1024 1888 summa
1038 1831 1170 1900 audacia,

181 1939 286 1997 magna
301 1918 378 1995 apud
393 1919 506 1994 plebem
519 1928 631 1994 propter
641 1918 842 1977 liberalitatem
856 1921 959 1996 gratia,
974 1919 1171 1996 cupidumque

181 2027 278 2068 rerum
292 2025 452 2066 novarum:
474 2008 637 2084 complures
648 2025 737 2066 anuos
748 2010 879 2085 portoria,
891 2009 1062 2084 reliquaque
1075 2011 1172 2066 omnia

182 2101 352 2160 Aeduorum
364 2099 528 2176 vectigalia,
539 2117 628 2175 parvo
639 2101 729 2175 pretio
740 2100 886 2176 redempta
895 2101 1011 2170 habere,
1023 2111 1173 2176 propterea
1184 2103 1224 2158 20

182 2191 266 2268 quod,
282 2191 332 2248 illo
345 2189 461 2258 licente,
476 2199 576 2247 contra
598 2189 681 2247 liceri
704 2190 809 2248 audeat
829 2208 923 2248 nemo.
966 2189 1022 2248 His
1036 2189 1123 2248 rebus
1144 2198 1173 2246 et

182 2299 265 2338 suam
288 2297 350 2337 rem
373 2279 546 2338 familiarem
568 2279 693 2353 auxisse,
708 2289 736 2338 et
758 2278 911 2337 facultates
932 2278 968 2336 ad
990 2279 1173 2356 largiendum

182 2387 304 2445 magnes
311 2385 509 2444 comparasse:
524 2387 663 2446 maguum
672 2381 825 2426 numerum
835 2371 980 2443 equitatus
994 2387 1046 2425 suo
1056 2378 1173 2442 sumptu

182 2457 390 2533 semperalere
411 2467 440 2516 at
460 2459 572 2516 circum
595 2477 626 2516 se
649 2458 773 2514 habere:
794 2475 889 2530 neque
910 2457 1002 2512 solum
1024 2455 1108 2524 dorni;
1124 2455 1174 2512 sed

183 2549 270 2606 etiam
295 2547 371 2624 apud
395 2547 531 2606 finitimas
555 2547 687 2604 civitatee
711 2545 831 2620 largiter
855 2563 954 2619 posse:
977 2551 1063 2616 atque
1088 2542 1226 2617 hujusne

183 2638 324 2714 potentiae
338 2655 431 2694 causa
442 2647 564 2695 matrem
575 2638 605 2694 in
615 2635 798 2712 Biturigibus
809 2631 920 2691 homini
927 2631 988 2690 illic
999 2631 1175 2690 nobilissimo

183 2746 219 2786 ac
242 2727 434 2802 potentissimo
454 2727 630 2784 collocasse:
651 2726 747 2802 ipsum
766 2742 806 2780 ex·
817 2722 960 2780 Helvetiis
979 2716 1102 2780 xerrrorem
1124 2723 1174 2780 ha-

183 2817 269 2874 bere:
290 2833 416 2873 sororem
430 2834 467 2873 err
479 2825 574 2884 matre
588 2825 616 2872 ct
630 2815 804 2891 propInquas
825 2831 894 2870 suas
914 2821 1036 2889 nuptum
1057 2813 1087 2870 in
1102 2813 1174 2872 alias

172 2906 315 2964 ,civitates
328 2905 503 2965 collocasse:
526 2905 626 2962 savera
646 2914 675 2962 et
688 2923 795 2980 cupere
818 2903 962 2962 Helvetiis
982 2914 1096 2980 propter
1108 2923 1174 2963 eam
1198 2981 1199 2988 ἵ

184 2993 369 3052 affinitatem:
390 2995 484 3052 odisse
503 2995 589 3052 etiam
611 3013 663 3052 suo
678 2995 794 3052 nomine
806 2994 962 3062 Caesarem
975 3003 1004 3050 et
1018 2993 1172 3064 Romanos,
1186 2999 1225 3056 80

183 3084 259 3160 quod
283 3101 384 3142 eorum
406 3085 533 3142 adventu
557 3084 682 3160 potentia
700 3084 763 3159 ejus
784 3083 941 3153 deminuta,
963 3093 991 3141 et
1012 3082 1175 3142 Divitiacus

185 3173 274 3230 irater
286 3174 317 3230 in
332 3174 482 3249 antiquum
496 3173 593 3230 locum
607 3175 717 3248 gratiae
732 3184 817 3250 atque
831 3175 946 3232 honoris
964 3175 1000 3230 sit
1015 3175 1173 3233 restitutus.

184 3263 216 3320 Si
244 3263 314 3338 quid
349 3262 463 3320 aecidat
491 3262 639 3332 Romanis,
668 3283 811 3322 summam
839 3263 869 3320 in
897 3282 978 3341 spem
1011 3266 1096 3341 regni
1123 3281 1176 3338 per

184 3353 334 3410 Helvetios
362 3353 507 3410 obtinendi
534 3356 653 3426 venire;
692 3356 812 3431 imperio
836 3354 938 3431 Populi
966 3353 1090 3412 Romani
1118 3369 1175 3409 nou

184 3441 267 3499 modo
286 3442 322 3500 da
344 3461 442 3519 reguo,
464 3443 513 3502 sed
534 3444 621 3502 edam
641 3444 676 3502 de
701 3463 745 3514 ea,
766 3463 855 3519 quam
875 3444 988 3512 habeat,
1010 3443 1104 3518 gratia
1127 3439 1174 3496 de·
1187 3437 1228 3494 35

183 3550 312 3607 sperare.
355 3531 528 3609 Reperiebat
546 3535 633 3592 etiam
647 3535 678 3590 in
688 3535 854 3610 quaerendo
871 3533 990 3599 Caesar,
1005 3529 1081 3603 quod
1095 3545 1175 3602 proe-

183 3620 257 3678 lium
281 3630 414 3696 equestre
439 3622 592 3681 adversum
617 3623 718 3699 paucis
742 3631 807 3678 aute
832 3621 933 3678 diebus
957 3627 1032 3674 esset
1056 3615 1174 3686 factum,

183 3709 301 3768 initium
314 3711 378 3787 ejus
389 3710 477 3787 fugae
492 3711 602 3770 factum
615 3731 633 3769 a
647 3711 828 3784 Dumnorige
842 3717 929 3781 atque
942 3706 1007 3780 ejus
1021 3705 1175 3784 equitibus,

184 3800 268 3878 (nam
280 3802 420 3876 equitatu,
435 3819 524 3877 quern
537 3800 646 3858 auxilio
665 3797 786 3856 Camari
807 3795 905 3854 Aedui
923 3795 1071 3869 riserant,
1085 3797 1176 3858 Dum·
