2826 4336
174 283 219 346 ἢ
369 349 378 362 1
521 291 564 338 Du
576 291 681 342 nmo
693 290 836 338 cumino
1073 287 1129 334 Cat.
1140 291 1211 338 ten.

226 427 266 482 ris
280 441 355 496 rasa,
371 438 485 502 praeter
498 437 585 504 caput
602 437 630 484 et
650 427 765 486 labrum
786 425 929 500 superius.
972 423 1084 480 Uxores
1107 423 1214 485 habent

226 513 292 574 deni
306 515 489 591 duodenique
507 515 581 573 iuter
594 536 625 573 se
638 534 815 584 communes,
830 525 858 571 et
874 512 999 570 maxime
1021 511 1125 569 iratres
1145 531 1213 570 curn

227 601 371 673 fratribus,
387 615 574 680 parentesque
597 624 665 662 cunr
689 606 805 676 liberis3
828 604 887 672 sed,
910 603 934 660 si
955 603 1005 677 qui
1025 612 1092 662 sunt
1112 621 1148 660 ex
1167 603 1213 659 his
1304 619 1307 622 ·

226 693 295 760 nati,
309 710 411 752 eorum
426 693 568 752 habentur
589 695 754 771 liberique
774 694 899 769 primum
913 693 994 768 virgo
1014 710 1146 769 quaeque
1164 690 1210 748 de·

195 780 313 846 educta
327 791 380 840 est.
700 793 708 804 ⁴

267 868 333 928 XV.
356 869 478 946 Equites
505 873 629 931 hostium
656 872 850 948 essedariique
878 872 985 928 acriter
1011 869 1119 946 proelio
1144 887 1213 928 cum

220 960 355 1033 equitatu
370 971 465 1020 nostro
479 961 509 1016 in
523 962 625 1022 itinere
646 963 845 1031 conflixerunt,
861 970 956 1018 tamen
971 969 1002 1017 ut
1015 959 1102 1018 uomri
1123 958 1212 1015 omni-

227 1046 281 1104 bus
296 1049 425 1122 partibus
438 1050 601 1125 superiores
615 1049 730 1120 fuerint,
745 1061 831 1126 atque
854 1069 902 1106 eos
915 1051 946 1108 in
959 1049 1047 1106 silvas
1066 1046 1213 1120 collesque

227 1137 435 1212 compulerint:
457 1139 516 1207 sed,
532 1139 728 1214 compluribus
748 1137 915 1208 interfectis,
930 1137 1061 1213 cupidius
1081 1135 1212 1202 insecuti,

178 1235 215 1290 lo
228 1226 380 1282 nonnullos
407 1246 443 1284 ex
471 1229 533 1284 suis
559 1229 726 1288 amiserunt.
779 1229 821 1284 At
847 1229 899 1296 illi,
927 1225 1087 1284 intermisso
1114 1224 1213 1299 spatio,

228 1311 457 1388 imprudentibus
470 1317 573 1374 nostris
582 1327 669 1392 atque
680 1317 828 1392 occupatis
839 1318 869 1374 in
880 1315 1036 1374 munitione
1045 1323 1213 1378 castrorum,
1307 1351 1321 1370 .

228 1401 322 1458 subito
343 1423 374 1460 se
388 1423 425 1462 ex
445 1405 526 1462 silvis
550 1406 698 1480 ejecerunt
709 1425 718 1476 ;
743 1407 911 1480 impetuque
934 1404 965 1458 in
986 1422 1035 1460 eos
1058 1401 1141 1469 facto,
1164 1400 1215 1475 qui

228 1500 312 1546 erant
325 1493 355 1546 in
370 1495 490 1550 statione
511 1511 561 1567 pro
582 1494 685 1550 castris
706 1493 847 1560 collocati,
863 1493 968 1548 acriter
992 1498 1214 1566 pugnaverunt:

228 1575 397 1651 duabusque
420 1580 514 1636 missis
536 1581 662 1636 subsidio
682 1581 845 1636 cohortibus
867 1599 884 1635 a
905 1579 1041 1646 Caesare,
1064 1587 1149 1650 atque
1170 1577 1216 1634 bis

179 1667 216 1734 lb
227 1664 326 1735 primis
338 1666 483 1740 legionum
495 1666 627 1734 duarum,
637 1685 727 1740 quum
738 1667 802 1733 hae,
813 1664 969 1739 perexiguo
984 1665 1144 1722 intermisso
1158 1664 1216 1722 loci
1236 1657 1241 1662 ³
1285 1705 1288 1710 ·

228 1753 318 1824 spatio
339 1753 413 1808 inter
433 1772 474 1820 sc,
489 1755 689 1820 constitissent,
704 1771 777 1808 novo
791 1769 898 1827 genere
919 1769 1034 1826 pugnae
1056 1752 1218 1825 perterritis

227 1839 339 1906 nostris,
355 1859 406 1914 per¹
427 1839 534 1896 medios
555 1840 746 1896 audacissime
768 1849 967 1914 perruperunt,
982 1857 1070 1913 seque
1085 1839 1152 1896 inde
1173 1841 1216 1896 in·

228 1925 356 1994 columes
380 1937 561 2002 receperunt.
605 1927 650 1984 Eo
669 1927 715 1984 die
737 1926 775 1991 Q.
793 1925 937 1986 Laberius
957 1926 1066 1997 Durus,
1081 1928 1217 1987 tribunus

228 2014 359 2084 militum,
375 2015 555 2074 interficitur.
598 2014 654 2084 Illi,
669 2016 800 2091 pluribus
813 2015 962 2072 submissis
983 2017 1155 2085 cohortibus,
1171 2034 1215 2074 re-

175 2110 215 2172 zo
228 2101 385 2176 pelluntur.

237 2253 240 2260 ¹
277 2189 357 2249 XVI.
388 2193 462 2250 Toto
488 2192 543 2250 hcc
570 2193 600 2250 in
627 2211 736 2270 genere
762 2211 886 2269 pugnae,
915 2212 1007 2268 quum
1034 2193 1088 2250 sub
1122 2192 1216 2250 oculis

227 2279 356 2336 omnium
377 2301 412 2338 ac
433 2299 483 2358 pro
504 2283 606 2338 castris
623 2282 820 2354 dimicaretur,
834 2283 1014 2339 intellectum
1028 2292 1079 2351 est,
1095 2291 1214 2350 nostros,

228 2378 342 2443 propter
355 2372 526 2445 gravitatem
547 2381 720 2439 armaturae,
735 2371 810 2445 quod
832 2389 926 2446 neque
946 2372 1059 2445 insequi
1080 2369 1216 2428 cedentes

228 2469 350 2532 possent,
364 2468 457 2535 neque
472 2459 508 2516 ab
522 2460 612 2535 signis
625 2459 773 2518 discedere
787 2459 935 2528 auderent,
950 2460 1045 2518 minus
1060 2469 1138 2535 aptos
1152 2475 1216 2514 esse

176 2559 216 2617 25
230 2547 265 2604 ed
287 2548 375 2623 hujus
396 2549 511 2625 generis
533 2537 661 2620 hostem5
683 2549 794 2622 equites
814 2557 911 2606 autem
932 2567 1036 2624 magno
1056 2566 1124 2620 curn
1143 2545 1215 2622 peri·

147 2641 153 2654 “
229 2638 296 2695 culo
310 2639 420 2712 proelio
432 2638 579 2707 dimicare,
595 2647 744 2714 propterea
755 2636 833 2711 quod
847 2637 890 2695 illi
904 2637 990 2695 etiarn
1005 2635 1136 2694 consulto
1156 2633 1215 2710 ple-

229 2743 351 2802 rumque
374 2727 529 2797 cederent3
552 2736 589 2796 et,
615 2745 704 2802 quum
725 2726 845 2802 paulum
868 2725 904 2782 ab
926 2725 1086 2802 legionibus
1105 2732 1217 2779 nostros

229 2816 424 2882 removissent,
439 2833 475 2872 ex
490 2816 597 2872 essedis
618 2815 773 2883 desilirent,
788 2823 817 2870 et
839 2813 958 2888 pedibus
980 2813 1086 2888 dispari
1108 2811 1217 2886 proelio

230 2901 443 2960 contenderant.
485 2901 637 2975 Equestris
651 2913 747 2960 autern
758 2903 858 2977 proelii
874 2903 944 2958 ratio
958 2913 986 2958 et
1000 2901 1168 2959 cedentibus
1188 2908 1218 2956 et

179 2995 217 3048 3ο
230 2985 445 3058 insequentibus
459 3005 512 3060 par
526 2999 611 3062 atque
625 2991 700 3048 idem
714 2991 877 3068 periculum
893 2989 1043 3048 inserebat.
1084 2987 1216 3046 Accede·

230 3072 279 3130 bat
293 3072 359 3139 huc,
376 3081 407 3128 ut
420 3091 569 3147 nunquam
583 3076 712 3146 conserti,
728 3079 777 3139 sed
798 3080 857 3134 reri
873 3078 1044 3156 magnisque
1056 3076 1218 3134 intervallis

230 3159 448 3235 proeliarentur,
460 3163 652 3238 stationesque
666 3166 813 3242 dispositas
827 3168 973 3235 haberent,
985 3176 1070 3240 atque
1085 3165 1155 3221 alios
1166 3163 1218 3220 elii

230 3247 365 3322 deinceps
389 3249 563 3324 exciperent,
587 3252 750 3328 integrique
771 3263 950 3312 et'recentes
970 3253 1131 3330 defetigatis
1151 3269 1216 3308 suc-

230 3336 375 3400 cederent.

179 3437 217 3495 35
271 3423 366 3484 XVll.
389 3424 504 3485 Postero
531 3426 586 3495 die,
614 3429 714 3502 procul
743 3447 760 3486 a
787 3432 889 3488 eastris
915 3430 1010 3488 hostes
1037 3431 1067 3486 in
1094 3428 1219 3490 collibus

230 3515 426 3582 constiterunt,
455 3515 581 3588 rarique*
599 3534 630 3572 se
657 3517 815 3586 ostendere,
840 3528 868 3576 et
896 3519 990 3577 lenius
1017 3537 1104 3593 quem
1126 3516 1218 3592 pridie

230 3613 340 3662 nostros
364 3603 474 3677 equites
499 3602 605 3678 proelio
632 3602 775 3663 lacessere
796 3617 961 3681 coeperunt.
1003 3605 1060 3664 Sed
1087 3605 1217 3674 meridie,

231 3709 321 3766 quum
344 3691 453 3752 Caesar
476 3691 632 3768 pabulandi
652 3711 742 3750 causa
762 3703 820 3753 tres
840 3694 968 3772 legiones
993 3704 1079 3770 etque
1103 3711 1221 3752 omnem

231 3779 390 3852 equitatum
417 3799 486 3843 cum
513 3781 548 3838 C.
578 3774 724 3844 Trebonio
748 3781 842 3858 legato
876 3784 1009 3852 misisset,
1036 3792 1154 3858 repente
1180 3799 1220 3842 ex
