2826 4336
154 303 158 318 '
194 305 268 364 ‹lffl
561 309 605 357 DE
625 307 731 356 BBLLO
748 306 891 356 eunuco
1096 305 1162 360 [Gn.
1174 312 1208 362 14,
1218 313 1252 355 1⁸.

256 460 378 525 perunt:
402 449 509 523 quibus
523 445 692 523 profligatis,
704 461 806 502 rumne
820 441 953 519 oppidani
967 442 1109 518 perterriti
1123 461 1251 520 compre.

255 539 359 596 hensos
379 557 437 606 eoa,
451 553 576 612 quorum
598 551 686 609 opera
708 533 821 608 plebem
846 531 1018 588 concitatam
1040 531 1249 600 existimabant,

255 626 292 684 ad
316 626 473 682 Caesarem
497 623 703 699 perduxerunt,
725 637 845 693 meoque
866 619 893 676 ei
914 618 1095 676 dediderunt.
1135 618 1251 683 Quibus

255 715 341 772 rebus
369 712 517 780 confectis,
542 711 652 768 Caesar
680 709 717 766 ad
737 707 873 783 oppidum
896 708 1068 777 Avaricum,
1090 706 1164 781 quod
1187 717 1251 764 arat

223 803 416 864 §maximum
431 799 715 871 munitissimumque
730 797 760 852 in
775 795 882 852 finibus
897 795 1071 871 Biturigum,
1089 805 1173 870 atque
1187 796 1250 872 agri

256 891 433 948 fertilissima
456 889 583 964 regione,
599 884 746 962 profectus
766 895 830 956 est;
854 883 938 959 quod,
954 903 988 942 eo
1004 884 1107 960 oppido
1126 893 1249 960 recepto,

176 1021 180 1028 ·
254 982 401 1038 civitatem
417 977 583 1053 Biturigum
598 975 674 1032 sein
690 969 857 1049 potestatem
872 972 1057 1030 redacturum
1072 972 1241 1029 confidebat.

296 1070 377 1128 XIV.
399 1065 631 1143 Vercingetorix,
655 1073 695 1121 tot
718 1065 862 1121 continuis
886 1062 1070 1120 incommodis
1092 1062 1249 1120 Vellauno-

255 1157 334 1228 duni,
345 1158 468 1226 Genabi,
478 1154 646 1214 Novioduni
661 1153 797 1228 acceptis,
807 1171 874 1210 auos
885 1150 921 1210 ad
932 1151 1086 1209 concilium
1099 1161 1249 1209 convocet.

204 1251 243 1306 10
256 1245 356 1316 Docet,
372 1245 473 1324 Longe
488 1245 546 1302 alia
561 1243 670 1300 ratione
685 1261 748 1326 eoae
763 1241 871 1300 bellum
885 1240 1053 1317 gerendum,
1065 1250 1151 1316 atque
1165 1251 1251 1300 antea

255 1337 291 1394 sit
298 1347 432 1412 gestum:
447 1334 580 1392 omnibus
591 1331 684 1388 modis
698 1332 766 1388 huic
778 1332 820 1388 rei
831 1329 1014 1400 studendum,
1024 1341 1056 1388 ut
1070 1331 1251 1406 pabulatione

256 1436 286 1482 et
309 1434 472 1482 commeatu
498 1421 622 1480 Romani
648 1421 864 1496 prohibeantur.
907 1419 939 1476 ld
965 1437 1028 1478 esee
1054 1419 1149 1488 facilc,
1175 1419 1251 1494 quod

255 1516 385 1588 equitatu
410 1513 464 1587 ipai
486 1509 685 1577 abundanter
705 1507 782 1582 quod
803 1509 872 1566 enni
894 1518 1022 1584 tempore
1045 1509 1249 1566 subleventur:

256 1601 394 1674 pabulum
419 1600 513 1656 secari
537 1615 593 1654 non
619 1613 720 1672 poase;
744 1598 909 1655 necessario
934 1597 1078 1673 dispersor
1099 1598 1193 1654 hoctar
1213 1615 1250 1654 ex

204 1691 242 1744 15
256 1687 395 1745 aedificiis
409 1695 524 1761 petere:
539 1686 590 1742 hos
600 1703 700 1740 omnes
711 1684 837 1758 quotidie
849 1683 885 1740 ab
894 1685 1039 1758 equitibus
1053 1685 1143 1742 deleri
1158 1703 1250 1760 posse.

255 1774 409 1832 Praeterea
422 1774 526 1830 salutis
540 1790 631 1830 cause
645 1773 688 1828 rei
710 1771 862 1828 familiaris
883 1772 1032 1829 commode
1055 1773 1248 1848 negligendn3

254 1862 334 1918 vicos
356 1873 442 1938 atque
457 1861 589 1918 aedilicia
604 1859 721 1916 incendi
735 1871 865 1934 oportere
880 1860 933 1916 boo
946 1861 1048 1934 spatio,
1064 1880 1081 1917 a
1095 1861 1168 1920 Boie
1182 1883 1249 1938 quo-

253 1967 421 2024 quoversus,
437 1967 494 2023 quo
509 1947 665 2024 pabulandi
680 1966 770 2004 causa
792 1947 871 2004 adire
887 1965 968 2022 posse
983 1947 1145 2007 videantur.
1190 1953 1250 2010 Ha.

254 2055 320 2094 rum
341 2038 410 2112 ipsis
431 2055 528 2094 rerum
550 2036 663 2111 copiam
683 2045 844 2111 suppetere,
860 2035 944 2110 quod,
960 2054 1083 2110 quorum
1098 2039 1128 2095 in
1144 2040 1252 2100 finibus

201 2125 363 2188 nobellum
388 2133 515 2203 geratur,
540 2143 640 2182 eorum
670 2125 774 2204 opibus
796 2124 1004 2184 subleventur:
1034 2126 1251 2194 Romanosaut

253 2215 378 2290 inopiam
392 2233 448 2272 uon
462 2213 581 2283 laturos,
592 2224 642 2270 aut
654 2233 759 2290 magno
769 2233 837 2272 cum
852 2214 982 2290 periculo
996 2215 1111 2292 longius
1120 2237 1138 2274 a
1147 2221 1250 2277 cauria

253 2321 472 2380 progressuros:
493 2321 588 2378 neque
613 2303 760 2372 interesse,
786 2303 901 2378 ipsosne
924 2304 1108 2374 interficiant,
1131 2307 1248 2382 impedi.
1355 2295 1359 2304 '

254 2395 395 2452 mentione
423 2402 540 2461 exuant,
565 2393 671 2467 quibus
696 2392 817 2460 amissis,
840 2392 948 2449 bellum
976 2395 1039 2469 geri
1067 2412 1122 2453 non
1150 2397 1247 2470 possit.

255 2481 410 2540 Praeterea
434 2481 538 2558 oppida
562 2481 678 2541 incendi
700 2491 841 2557 oportere,
865 2499 941 2556 quae
963 2499 1019 2541 non
1041 2483 1199 2544 munitione
1219 2494 1248 2542 et

190 2579 242 2636 „25
254 2569 311 2630 loci
333 2582 440 2631 natura
462 2571 499 2628 ab
520 2570 597 2629 cumi
617 2572 674 2628 sint
687 2569 816 2646 periculo
829 2579 910 2640 tute3
933 2588 991 2628 neu
1005 2572 1067 2628 suis
1080 2572 1135 2628 sint
1149 2573 1186 2628 ad
1200 2573 1247 2630 de-

253 2661 432 2720 trectandam
458 2660 590 2720 militiam
613 2659 807 2735 receptacula,
823 2677 881 2716 neu
897 2659 1036 2717 Romanis
1050 2661 1191 2736 proponite
1211 2661 1248 2720 ad

213 2772 216 2779 ¹
254 2751 367 2826 copiam
381 2760 559 2808 commentus
573 2747 768 2824 praedamque
783 2747 949 2806 tollendam.
992 2747 1076 2806 Haeo
1098 2750 1123 2806 ei
1146 2751 1248 2826 gravia

255 2846 306 2893 aut
327 2839 433 2894 acerba
453 2837 616 2907 videantur,
632 2838 724 2894 multo
743 2837 795 2894 illa
815 2838 935 2913 gravior
958 2838 1110 2894 aestimare
1131 2838 1246 2909 debere,

254 2921 368 2992 liberos,
383 2926 523 3000 conjuges
537 2927 567 2982 iu
581 2928 749 2984 servitutem
765 2925 899 2994 abstrahi,
915 2926 990 3001 ipeos
1004 2927 1127 2984 interfici
1139 2947 1148 2998 ;
1171 2947 1247 3002 quaa

195 3016 241 3072 ³0
253 3009 290 3065 sit
305 3027 424 3068 necesse
439 3012 571 3070 accidere
588 3015 682 3072 victis.

295 3095 361 3154 XV.
384 3096 523 3156 Omnium
546 3118 690 3160 consensu
716 3103 771 3160 hac
796 3102 937 3160 sententie
961 3101 1088 3177 probate,
1113 3121 1170 3168 uno
1199 3106 1247 3170 die

254 3184 378 3259 amplius
401 3203 442 3244 xx
467 3187 554 3244 urbes
578 3187 745 3266 Biturigum
769 3177 971 3250 incenduntur.
1027 3188 1092 3250 Hoc
1116 3191 1194 3250 idem
1215 3195 1248 3252 fit

205 3297 207 3304 >
253 3273 284 3328 in
307 3272 426 3346 reliquis
448 3274 624 3334 civitatibus.
667 3276 701 3335 ln
723 3280 855 3337 omnibus
876 3279 1004 3355 partibus
1024 3279 1158 3338 incendia
1179 3301 1245 3340 oon·

253 3361 431 3438 spiciuntur:
459 3380 534 3436 quae
559 3364 612 3419 etsi
637 3383 743 3441 magno
766 3386 834 3427 cum
859 3369 960 3426 dolore
979 3387 1078 3426 omnes
1106 3368 1244 3441 ferebant,

201 3460 240 3516 ab
253 3451 418 3514 tamenboc
433 3451 486 3507 eibi
509 3450 603 3508 solatii
625 3455 829 3528 proponebant,
844 3456 920 3532 quod
940 3477 980 3525 se,
997 3475 1082 3533 prope
1097 3459 1245 3536 explorata

253 3540 382 3608 victoria,
407 3539 541 3598 celeriter
566 3541 672 3598 emissa
696 3555 917 3619 recuperaturos
945 3545 1135 3607 confidebant.
1187 3547 1243 3604 De-

252 3628 393 3688 liberatur
413 3628 448 3686 de
470 3628 608 3686 Avarico.
619 3630 648 3686 in
663 3633 810 3688 communi
824 3633 957 3703 concilio,
972 3634 1087 3692 incendi
1107 3637 1243 3710 placeret,

253 3715 428 3774 andelandi.
471 3717 668 3778 Procumbunt
682 3720 815 3781 omnibu·
827 3721 922 3778 Gallis
936 3723 972 3780 ed
987 3723 1073 3798 pedes
1087 3723 1242 3802 Bituriges,

252 3801 301 3860 Ne
326 3803 552 3878 pulcherrimam
566 3824 653 3883 prope
668 3807 754 3868 mtius
769 3808 886 3866 Galliae
902 3809 1014 3880 urbem,
1026 3827 1104 3888 quoe
1118 3823 1147 3872 et
1161 3831 1242 3890 pree·
