2826 4336
191 301 346 354 cumn]
561 327 566 334 ·
594 301 690 350 amun
711 303 842 352 saurus
1182 297 1242 358 1¹28

211 471 215 476 ·
233 437 344 497 XXIX.
365 437 484 510 Caesar,
500 449 650 516 postquam
665 459 716 516 per
731 441 820 500 Ubios
834 441 1030 518 exploratores
1041 445 1187 520 comperit,

192 529 305 586 Suevos
328 547 393 586 sese
418 529 447 585 in
472 529 561 586 silvas
584 531 736 606 recepisse,
758 531 884 605 inopiam
910 530 1048 588 frumenti
1070 532 1187 602 veritus,

192 618 277 694 quod,
300 629 331 676 ut
358 636 449 694 supra
478 617 745 688 demonstravimus,
770 621 888 676 minime
917 639 1017 677 omnes
1048 620 1189 680 Germani

192 707 391 786 agriculturae
413 707 536 777 student,
556 709 703 766 constituit
723 727 779 766 non
804 710 936 787 progredi
960 708 1074 786 longius
1086 731 1095 784 3
1128 712 1188 781 sod,

191 815 231 854 ne
255 797 369 854 omnino
393 808 502 854 metum
531 797 639 856 reditus
666 799 713 855 sui
740 799 872 858 barbaris
898 800 1019 869 tolleret,
1043 810 1128 876 atque
1157 808 1220 861 utb

192 904 295 944 eorum
319 886 429 944 auxilia
452 885 589 956 tardaret,
612 887 730 945 reducto
754 889 894 958 exercitu,
920 900 1031 964 partem
1056 890 1189 948 ultimam

192 977 295 1053 pontis,
323 994 398 1052 quae
427 976 504 1052 ripas
532 976 674 1034 Ubiorum
703 978 894 1054 contingebat,
923 980 954 1034 iu
980 978 1189 1056 longitudinem

193 1065 302 1142 pedum
313 1083 345 1123 cc
361 1065 497 1122 rescindit
508 1085 518 1137 ;
541 1077 627 1141 etque
648 1067 678 1123 in
699 1077 827 1124 extremo
848 1077 933 1144 ponte
952 1069 1056 1125 turrim
1076 1070 1187 1128 tabula-

192 1167 288 1213 torum
301 1164 427 1232 quatuor
445 1155 599 1224 constituit,
619 1155 852 1232 praesidiumque
866 1157 1027 1214 cohortium
1040 1175 1082 1214 κη
1097 1159 1189 1232 pontis

193 1245 293 1304 tuendi
321 1263 412 1302 causa
446 1245 533 1321 ponit,
563 1247 733 1322 magnisque
762 1265 831 1302 eum
858 1245 956 1302 locum
983 1247 1189 1305 munitionibus
1203 1253 1260 1316 lt)¹

193 1336 299 1393 firmat.
341 1334 380 1392 Ei
400 1333 463 1392 loeo
484 1335 683 1412 praesidioque
703 1334 738 1392 Ο.
755 1334 923 1392 Volcatium
941 1333 1065 1391 Tullum
1080 1334 1188 1392 adoles-

193 1435 307 1486 centem
322 1423 470 1501 praefecit.
511 1424 585 1500 lpse,
600 1443 691 1500 quum
706 1434 902 1482 maturescere
918 1421 1062 1480 frumenta
1081 1423 1188 1499 incipe-

194 1525 267 1585 rent,
292 1515 327 1572 ed
349 1514 458 1572 bellum
479 1505 657 1590 Ambiorigis
678 1513 833 1590 profectus,
849 1513 915 1589 [per
930 1513 1120 1570 Arduennam
1141 1514 1189 1570 sil·

194 1623 271 1673 vam,
285 1623 361 1681 quae
383 1614 426 1662 est
448 1602 670 1660 totius'Galliae
692 1604 829 1672 maxima,
845 1613 931 1680 atque
953 1603 989 1659 ab
1011 1603 1080 1678 ripis
1093 1601 1189 1660 Rheni

195 1694 358 1770 finibusque
387 1692 579 1750 Trevirorum
613 1692 649 1748 sd
684 1692 809 1750 Nervios
843 1693 974 1769 pertinet,
1003 1692 1241 1768 millibusque'15

196 1781 321 1858 amplius
345 1801 365 1840 n
386 1784 416 1840 in
441 1781 650 1859 longitudinem
675 1783 777 1858 patet]
802 1781 838 1839 L.
867 1781 1030 1840 Minucium
1057 1781 1189 1840 Basilum

196 1873 355 1930 cumomni
369 1873 498 1948 equitatu
513 1871 678 1948 praemittit,
694 1873 718 1928 si
732 1873 801 1948 quid
815 1872 963 1930 celeritate
978 1873 1088 1930 itineris
1103 1882 1189 1948 atque

196 1964 403 2038 opportunitate
418 1949 553 2038 temporis
568 1962 708 2037 proficere
722 1963 827 2038 possit:
849 1971 954 2032 monet,
971 1972 1002 2019 ut
1023 1963 1105 2038 ignes
1126 1963 1189 2019 fieri

196 2053 225 2108 in
240 2053 342 2110 cestris
355 2053 512 2128 prohibeat,
528 2071 564 2109 ne
578 2069 637 2129 qua
651 2051 715 2128 ejus
734 2053 876 2110 adventus
896 2052 996 2129 procul
1017 2051 1190 2130 significatio

196 2142 265 2200 fiat:
286 2161 349 2199 sese
364 2141 514 2200 confestim
528 2141 665 2224 subsequi
679 2141 758 2200 dicit.
1077 2187 1078 2190 η
1202 2149 1242 2206 2⁰

237 2231 332 2290 XXX.
355 2231 481 2300 Basilus,
498 2242 529 2288 ut
550 2230 723 2308 imperatum
743 2242 795 2302 est,
811 2230 899 2290 facit:
922 2231 1057 2290 celeriter
1077 2242 1189 2291 contra-

196 2341 253 2399 que
279 2323 409 2378 omnium
436 2322 599 2398 opinionem
627 2321 758 2380 confecto
785 2323 896 2390 itinere,
922 2321 1027 2378 multos
1054 2323 1083 2376 in
1112 2322 1193 2398 egris

197 2412 376 2488 inopinantes
387 2410 575 2488 deprehendit
587 2430 595 2482 3
612 2429 714 2480 eorum
723 2413 828 2468 indicio
838 2412 873 2468 ad
884 2413 979 2486 ipsum
990 2410 1191 2486 Ambiorigem

196 2502 351 2572 contendit,
365 2519 422 2576 quo
444 2503 473 2557 in
496 2501 559 2559 loco
580 2519 649 2560 cum
671 2503 773 2578 paucis
793 2500 937 2575 equitibus
952 2517 1015 2555 esse
1030 2497 1189 2555 dicebatur.

197 2589 333 2661 Multum,
348 2609 440 2667 quum
454 2592 484 2648 in
498 2591 631 2648 omnibus
652 2592 748 2660 rebus,
771 2601 833 2648 tum
856 2590 885 2646 in
909 2607 940 2646 re
963 2587 1080 2644 militari
1103 2594 1243 2663 potest25

198 2679 321 2740 bunna.
364 2679 394 2738 N
397 2699 443 2738 om
458 2681 533 2738 sicut
548 2697 653 2757 magno
668 2680 772 2738 accidit
786 2698 867 2748 casu,
883 2678 956 2735 utin
976 2679 1070 2753 ipsum
1092 2678 1191 2736 inceu.

197 2779 259 2828 tum
273 2781 361 2847 atque
373 2760 461 2828 etiarn
475 2771 649 2846 imperatum
663 2769 811 2838 incideret,
827 2770 963 2844 priusque
975 2768 1039 2843 ejus
1051 2767 1193 2825 adventus

198 2861 234 2916 ab
244 2859 407 2918 hominibus
416 2861 570 2929 videretur,
585 2879 674 2935 quam
689 2857 766 2916 fama
781 2879 816 2917 ac
830 2860 945 2916 nunciis
960 2857 1132 2930 efferretur3
1149 2859 1192 2916 sic

198 2967 322 3026 magnae
336 2948 391 3006 fuit
406 2947 546 3019 fortunae,
557 2951 635 3006 omni
650 2950 768 3006 militari
782 2951 980 3019 instrumento,
993 2948 1068 3026 quod
1079 2949 1192 3006 circum

198 3057 230 3096 se
257 3039 389 3108 habebat,
417 3049 523 3116 erepto,
554 3039 651 3096 rhedis
677 3041 816 3117 equisque
844 3040 1069 3115 comprehensis,
1097 3040 1192 3116 ipsum
1205 3049 1243 3103 30
1348 3073 1351 3080 ·

199 3127 326 3206 effugere
349 3129 488 3188 mortem(
520 3129 580 3187 Sed
604 3129 659 3186 hoc
683 3149 717 3186 eo
742 3128 851 3186 factum
875 3139 927 3199 est,
950 3130 1034 3207 quod,
1061 3129 1192 3188 aedilicio

199 3219 381 3278 circumdato
409 3219 494 3290 silve,
519 3221 565 3296 (ut
589 3229 656 3276 sunt
681 3218 742 3276 fere
770 3218 916 3278 domicilia
944 3219 1106 3288 Gallorum,
1131 3222 1191 3294 qui,

199 3309 307 3367 vitandi
322 3320 421 3368 aestus
434 3327 535 3379 causa,
548 3309 719 3386 plerumque
730 3311 871 3368 silvarum
882 3329 917 3368 ac
929 3313 1081 3368 fluminum
1093 3318 1193 3385 petunt

199 3398 447 3474 propinquitates)
468 3400 587 3456 comites
612 3399 826 3476 familiaresque
849 3401 912 3474 ejus
936 3409 1058 3477 angusto
1079 3399 1109 3453 in
1130 3395 1193 3452 loco

199 3487 347 3564 paulisper
360 3491 491 3564 equitum
501 3499 663 3547 nostrorum
674 3491 733 3547 vim
744 3491 953 3548 sustinuerunt.
996 3487 1051 3544 His
1062 3493 1192 3560 pugnen-
1206 3491 1245 3544 ab

199 3577 285 3647 tibus,
297 3577 382 3635 illum
392 3579 421 3634 in
431 3597 542 3654 equum
550 3580 668 3654 quidam
677 3597 714 3638 ex
722 3581 783 3637 suis
798 3577 911 3636 intulit:
928 3577 1088 3653 fugientem
1102 3571 1194 3628 silvae

200 3675 343 3726 texerunt.
386 3669 437 3726 Sic
451 3679 479 3726 et
494 3669 531 3726 ad
544 3669 726 3728 subeundum
749 3667 921 3744 periculum,
936 3675 965 3722 et
984 3663 1019 3720 ad
1034 3659 1193 3732 vitandum,

201 3755 325 3814 multum
339 3757 454 3816 fortuna
467 3759 569 3816 valuit.

200 3881 206 3892 ·
242 3843 352 3906 XXXI.
375 3847 527 3906 Ambiorix
549 3849 648 3925 copias
669 3865 738 3906 suas
758 3844 906 3921 judicione
933 3857 992 3900 uon
1014 3837 1195 3914 conduxerit,
