2830 4326
185 301 339 354 amer-ea]
591 299 686 351 atum
705 299 834 349 turnus
1188 293 1230 354 Β

184 439 326 510 ostendit3
349 439 501 514 quasiwe
523 438 672 515 intelligat,
693 457 770 515 quac
790 441 893 498 civitas
913 449 1063 516 queratur,
1078 459 1175 518 propo-

182 531 242 587 nit:
264 538 371 598 monet,
388 529 463 585 utin
480 528 624 604 reliquum
638 539 751 606 tempus
771 547 871 588 omnes
891 531 1069 607 suspiciones
1084 533 1155 590 vitet
1164 551 1173 604 ;

183 619 342 696 praeterito
366 637 398 674 se
423 616 568 676 Divitiaoo
592 618 674 678 fratri
696 620 860 680 condonare
882 621 962 680 dicit.
1002 619 1176 699 Dumnorigi

183 709 319 770 custodes
329 708 416 784 potiit,
429 717 470 776 ut,
479 725 554 782 quae
563 719 639 785 ngat,
650 711 823 784 quibuscum
835 710 976 786 loquetur,
988 713 1065 768 scire
1074 712 1174 786 possit.

225 797 307 857 XXI.
330 795 443 856 Eodem
457 797 504 856 die
527 798 564 856 eb
582 799 809 874 exploratoribus
830 802 936 858 certior
956 800 1060 871 factm,
1082 802 1207 860 bostono

183 889 348 946 submonte
361 887 527 946 oenaediae
541 885 632 946 nullia
653 905 790 964 passuum
804 891 841 947 ab
862 891 953 967 ipsius
965 891 1068 949 eastris
1088 901 1173 963 octor

184 979 279 1052 qrralis
293 987 368 1036 essct
382 986 487 1033 nature
501 977 613 1047 montis,
628 987 656 1048 et
668 977 764 1053 qualis
777 980 807 1036 in
822 980 947 1038 circuitu
963 997 1110 1051 ascensus,
1124 981 1175 1056 qui

182 1075 401 1144 cognoscerent,
421 1065 508 1124 misit.
550 1065 768 1127 Renunciatum
791 1079 844 1138 est,
870 1068 987 1126 facilem
1011 1087 1087 1128 esse.
1128 1069 1174 1128 Dc

184 1159 269 1214 tertia
282 1156 384 1233 uigilia
399 1155 437 1212 Τ.
454 1154 627 1227 Labienum,
642 1157 770 1233 legatum
792 1176 845 1234 pro
864 1165 1005 1234 praetore,
1023 1177 1092 1216 eum
1105 1158 1175 1216 dua·

186 1247 239 1304 bns
253 1245 415 1322 legionibus
429 1255 456 1304 et
471 1245 507 1302 iis
530 1245 664 1315 ducibus,
678 1247 729 1321 qui
743 1247 799 1304 iter
812 1255 1015 1322 cognoverunt,
1028 1263 1176 1306 summurn
1190 1253 1228 1308 bb

184 1337 290 1412 Jugurn
304 1335 405 1393 montis
420 1335 576 1394 accudere
587 1329 689 1410 jubet3
712 1335 782 1410 quid
796 1336 842 1392 sui
856 1333 969 1394 consilii
983 1335 1029 1405 sit,
1043 1335 1174 1394 ostendit.

188 1427 253 1503 Ipse
274 1426 309 1482 de
329 1437 433 1502 quarta
445 1427 548 1504 vigilia
570 1425 672 1484 eodem
697 1427 809 1496 itinera,
823 1445 881 1501 quo
906 1425 1002 1484 hostes
1022 1428 1125 1496 ierant,
1140 1427 1176 1484 ad

185 1535 237 1574 eos
256 1517 406 1588 contendit,
422 1519 641 1593 equitatumque
655 1533 770 1575 ornnem
790 1527 858 1574 ente
872 1535 904 1575 xe
919 1517 1013 1601 mittit,
1055 1517 1087 1574 P.
1103 1517 1175 1576 Gon·

184 1609 284 1678 sidius,
299 1609 348 1683 qni
363 1609 405 1666 rsi
419 1607 553 1666 militaris
567 1608 758 1684 peritissimus
769 1608 938 1678 hebebatur,
953 1617 982 1666 et
995 1609 1025 1667 in
1043 1610 1175 1668 exercitu

185 1697 221 1756 L.
235 1697 348 1767 Sullae,
363 1708 391 1755 et
406 1707 504 1775 postea
516 1698 547 1756 ln
562 1696 606 1754 M.
620 1697 718 1756 Orsaei
740 1696 842 1769 linoret,
858 1712 926 1758 curn
947 1699 1175 1776 exploratoribus
1190 1699 1227 1756 lb

184 1783 385 1864 praemittitur.

225 1877 321 1938 XXII.
344 1879 442 1936 Prima
466 1878 545 1949 lucc,
567 1893 657 1954 quum
681 1895 813 1938 summus
836 1897 923 1938 mons
940 1897 960 1936 a
977 1879 1022 1938 T.
1045 1879 1175 1938 Labieno

182 1979 339 2038 moeretur,
355 1970 416 2045 ipae
431 1969 606 2028 tbbostiutn
626 1970 729 2028 centis
748 1969 805 2028 utin
826 1969 942 2048 longius
955 1971 1037 2029 mille
1049 1980 1079 2028 st
1091 1971 1173 2046 quin-

184 2061 278 2136 gentis
292 2059 425 2136 passibus
439 2059 559 2129 abesset,
571 2074 674 2134 nequa
685 2068 717 2118 ut
727 2070 825 2136 postea
838 2077 874 2118 ex
889 2061 1173 2140 captivis—comperit,

184 2160 234 2207 aut
254 2150 346 2225 ipsius
367 2147 517 2218 aduentus,
532 2157 584 2206 aut
597 2147 730 2219 Labieni,
744 2151 877 2227 cognitus
897 2160 990 2208 essaei:
1012 2149 1173 2220 Considius,
1186 2151 1226 2206 20

184 2255 258 2314 equo
273 2238 407 2308 admisso,
422 2237 458 2294 ed
472 2255 540 2296 eum
555 2240 701 2311 ocounit3
724 2239 937 2309 dloitmontem,
952 2257 1040 2315 quern
1055 2256 1073 2298 a
1086 2238 1174 2298 Labi-

184 2346 239 2386 eno
256 2327 396 2404 occupari
410 2319 543 2398 voluerit,
559 2327 596 2404 eb
616 2329 744 2386 hostibus
764 2331 875 2402 teneri3
898 2329 927 2387 id
948 2347 980 2387 se
1000 2347 1036 2388 ex
1052 2329 1177 2388 Gallicis

180 2419 274 2476 erinis
296 2428 382 2493 etque
404 2415 566 2494 insignibus
585 2419 764 2495 cognovisse.
806 2419 916 2476 Ceasar
936 2437 1005 2476 sues
1025 2420 1124 2494 copies
1145 2419 1175 2474 in

185 2509 348 2584 proximum
372 2505 481 2566 collem
500 2506 645 2576 subducit,
673 2508 769 2564 acietn
793 2507 933 2564 instruit..
960 2505 1118 2572 Labienus,
1145 2515 1177 2562 ut

183 2607 248 2656 erat
261 2598 288 2655 si
302 2606 489 2674 praeceptum
503 2615 521 2655 a
539 2597 676 2665 Caesare,
690 2610 728 2654 nc
748 2593 892 2670 proelium
906 2593 1106 2661 oomndttaret,
1121 2594 1176 2651 nisi
1186 2595 1225 2652 25

181 2689 275 2764 ipsius
289 2688 389 2763 copiae
412 2705 499 2764 prope
520 2677 645 2746 hostiurn
667 2695 761 2744 castro
776 2684 857 2740 visae
877 2692 981 2752 essem,
997 2691 1029 2740 ut
1051 2681 1176 2758 undique

185 2795 242 2835 uno
256 2781 382 2854 tempore
396 2776 427 2834 in
441 2777 536 2834 hostes
550 2778 674 2854 impetus
695 2775 787 2844 lieret,
801 2781 896 2830 monta
914 2783 1054 2850 occupato
1067 2782 1176 2833 nostros

183 2867 378 2944 exspectabat,
401 2867 568 2942 proelioque
591 2865 760 2928 abstinebat.
804 2863 899 2922 Multo
918 2863 1043 2940 donique
1056 2865 1103 2924 die
1123 2882 1176 2943 par

182 2959 380 3037 exploratores
400 2958 509 3016 Cacsar
533 2959 676 3037 cognovit,
702 2969 731 3016 et
755 2967 881 3017 monum
902 2977 920 3016 e
941 2959 1003 3016 suis
1015 2961 1124 3030 teneri,
1145 2969 1175 3018 et
1266 3002 1270 3010 ι

186 3047 334 3106 Helvetios
348 3058 444 3106 onstm
458 3049 590 3118 movisse,
609 3057 639 3106 et
660 3047 960 3119 Considium,·tirnore
982 3051 1173 3125 perterritum,
1185 3047 1225 3105 db

184 3139 259 3213 quod
280 3157 337 3196 non
352 3138 478 3206 vidisset,
502 3155 554 3215 pro
575 3139 636 3195 viso
657 3139 712 3196 sibi
733 3141 930 3198 renunciasse.
973 3139 1019 3198 Eo
1038 3140 1095 3211 dia,
1117 3159 1175 3216 quo

184 3235 336 3288 consuertn
350 3226 511 3296 intervallo,
534 3227 630 3284 hostes
649 3229 789 3304 seqnitur,
805 3238 833 3288 et
852 3229 946 3288 inillis
960 3245 1099 3362 passuum
1118 3231 1175 3290 tria

185 3317 221 3373 ab
234 3331 335 3374 eorum
350 3317 454 3374 cestris
467 3323 565 3374 caure
579 3319 666 3392 ponit.

225 3405 334 3466 xxlss.
357 3405 497 3463 Postridie
508 3405 574 3480 ejus
587 3405 654 3475 diei,
666 3408 741 3484 quod
754 3409 871 3467 omnino
881 3407 1000 3466 biduum
1014 3355 1173 3484 superem,

183 3513 274 3570 quum
296 3493 429 3554 exercitu
451 3494 629 3554 trumentum
652 3499 746 3556 metiri
767 3507 918 3575 oporteret,
938 3507 969 3554 et
988 3497 1063 3572 quod
1088 3513 1106 3550 a
1126 3491 1173 3549 Bi
1185 3487 1224 3544 ld

183 3584 291 3655 brecte,
316 3583 422 3662 oppido
445 3583 615 3643 Aeduorum
640 3586 726 3664 longe
757 3589 884 3646 rnaxirno
908 3601 943 3641 ae
968 3580 1173 3659 copiosissimo,

183 3691 240 3731 non
265 3675 392 3752 amplius
416 3673 546 3732 millibus
565 3691 704 3750 passm
721 3693 797 3734 xnnr
824 3675 933 3740 aberat,
954 3673 996 3727 rei
1018 3670 1173 3726 frumento.

183 3763 244 3820 riae
258 3763 492 3840 prospiciendum
511 3763 694 3832 existimavit,
715 3765 772 3820 iter
785 3763 822 3818 eb
844 3759 988 3816 Helvetiis
1010 3757 1123 3827 evertit,
1138 3775 1174 3817 ec

182 3849 319 3912 Bibracte
342 3851 385 3908 ire
409 3852 563 3911 contendit.
606 3853 653 3910 Ea
676 3869 727 3909 res
746 3861 797 3926 per
822 3845 1019 3924 fugitivost.
1044 3847 1173 3918 Aconti,
