2804 4312
188 305 351 360 antemi
597 305 693 354 arana
707 306 863 356 Pitinum
1194 301 1235 366 ti

189 444 379 502 constitueret
388 463 399 516 ;
421 451 479 514 aut,
494 443 520 511 si
532 443 561 500 id
582 444 788 514 nenos-vellet,
801 463 838 504 ex
853 447 914 504 suis
933 447 1036 522 legaris
1056 447 1182 520 aliquem

190 533 227 590 ad
241 553 272 591 se
293 534 429 592 mitteret.
470 531 658 608 Collcquendi
680 533 799 592 Caesari
816 553 908 592 causa
923 535 985 594 visa
998 553 1057 592 non
1070 545 1131 606 ost3
1154 545 1182 592 at

190 641 225 682 ao
238 625 342 701 magis,
364 621 440 698 quod
461 621 552 698 pridie
567 623 631 698 ejus
651 622 708 680 diei
729 623 869 682 Germani
890 623 1008 698 retineri
1027 643 1086 682 non
1105 634 1180 698 pote-

190 721 264 782 rant,
279 713 351 788 quin
364 713 395 768 in
408 721 520 770 nostros
533 711 592 768 tela
606 712 791 788 conjicerent.
826 711 978 790 ‘Legatum
991 732 1027 772 ex
1042 714 1103 772 suis
1116 733 1180 772 sesa

190 819 296 878 magno
319 819 389 858 cum
411 801 541 876 periculo
565 799 601 859 ed
622 819 689 860 eum
709 803 866 860 missurum
886 812 915 860 et
935 802 1096 860 hominibus
1111 799 1212 858 sarisb

190 889 371 966 objecturum
395 889 589 946 existimabat.
643 889 913 948 Commodissimum
941 892 1036 950 visum
1064 900 1115 960 est,
1144 889 1178 948 0.

192 979 346 1037 Valerium
362 979 529 1048 Prusillum,
539 977 575 1035 C.
591 978 703 1047 Valerii
715 979 825 1036 Caburi
839 981 941 1050 filiurn,
950 1000 1064 1038 summa
1075 981 1180 1038 virtute

190 1078 219 1126 et
231 1067 410 1126 humanitate
425 1067 633 1126 adolescentem
646 1067 748 1145 (cujus
762 1079 844 1144 pater
857 1087 875 1126 a
889 1069 923 1126 C.
939 1069 1058 1135 Valerio
1072 1069 1180 1128 Flacco

190 1158 307 1215 clvitate
328 1155 451 1214 donmm
473 1155 549 1230 erat)
570 1165 599 1214 et
625 1167 738 1233 propter
762 1157 847 1216 tidem
872 1167 901 1214 et
925 1159 1038 1233 propter¹
1062 1158 1180 1233 linguae

191 1245 325 1303 Gallicae
339 1247 498 1314 scientiam,
512 1263 571 1324 qua
585 1247 677 1304 multe
686 1246 748 1322 jam
763 1246 931 1307 ,Ariovistus
944 1245 1101 1320 lougInqua
1114 1251 1232 1313 con-10

190 1335 342 1394 suetudine
362 1335 504 1404 utebatur,
519 1344 549 1392 ct
568 1335 644 1409 quod
664 1333 695 1392 iu
708 1353 744 1392 eo
763 1333 902 1410 peccandi
917 1333 1072 1391 Germanis
1093 1351 1182 1390 causa

191 1443 250 1482 non
263 1432 346 1492 essct,
361 1423 395 1480 ad
412 1443 480 1482 eum
494 1424 617 1492 mittere,
632 1431 662 1480 et
682 1422 724 1480 M.
741 1421 883 1491 Mettium,
895 1422 949 1497 qui
963 1422 1083 1498 bospitio
1097 1423 1180 1478 Ario-

191 1513 259 1570 visti
281 1529 349 1571 usus
363 1523 433 1572 erat.
475 1512 532 1570 His
553 1512 764 1582 mandavit-ut,
779 1529 855 1588 quae
876 1505 985 1569 diceret
1005 1511 1179 1582 Ariovistus,

189 1612 397 1678 cognoscerent
420 1613 449 1659 et
470 1601 507 1658 ad
530 1621 564 1660 se
583 1599 752 1684 referrent.v
776 1601 859 1666 Quos
878 1619 967 1676 quum
992 1600 1069 1682 apud
1094 1621 1126 1661 se
1150 1603 1179 1660 in

189 1692 293 1750 castris
314 1692 480 1750 Ariovistus
499 1693 702 1768 conspexisset,
715 1691 847 1758 exercitu
866 1709 919 1748 suo
939 1699 1097 1766 praesenta,
1112 1697 1230 1752 oon-15

190 1781 345 1838 clamavit:
374 1780 455 1845 Quid
477 1780 514 1838 ad
536 1777 566 1838 se
593 1780 748 1838 renitenti
799 1779 848 1840 An
872 1779 1041 1856 speculandi
1064 1779 1178 1838 causei

189 1870 332 1928 Conamen
347 1870 444 1928 dicere
459 1869 611 1945 prohibuit,
626 1880 654 1926 et
670 1871 699 1926 in
714 1879 835 1930 catenes
845 1869 979 1946 conjecit.

231 1957 368 2017 XLVIII.
391 1959 502 2016 Eodem
515 1958 562 2016 die
576 1967 672 2016 castre
685 1959 833 2034 promovit,
849 1969 877 2016 et
898 1959 1026 2018 millibus
1039 1977 1177 2036 passuum

190 2067 241 2104 ser
261 2067 279 2105 a
302 2047 438 2106 Caesaris
457 2048 562 2106 matris
583 2047 638 2104 aab
661 2059 755 2106 monte
775 2047 913 2106 consedit.
956 2048 1094 2106 Postridie
1114 2049 1179 2124 ejus

190 2135 247 2194 diei
261 2147 376 2214 praeter
388 2146 484 2194 eastra
496 2136 630 2195 Caesaris
638 2155 706 2196 suas
717 2139 814 2212 copias
827 2137 997 2206 transduxit,
1007 2146 1036 2195 et
1050 2137 1178 2194 millibus
1190 2143 1230 2200 90

190 2243 328 2300 passuum
348 2226 460 2282 duobus
480 2225 556 2282 ultra
570 2243 639 2282 eum
652 2236 748 2286 castra
769 2225 846 2296 fecit,
860 2245 894 2284 eo
905 2227 1035 2297 aduenio,
1053 2225 1095 2284 uti
1118 2225 1176 2282 fru.

190 2325 286 2372 mento
294 2303 523 2389 commeatuque,
532 2315 583 2390 qui
591 2333 628 2372 ex
637 2315 780 2391 Sequanis
788 2326 816 2374 et
825 2315 940 2374 Aeduis
952 2325 1177 2392 supportaretur,

189 2403 345 2461 Caesarem
365 2403 582 2462 -interoluderct
625 2403 672 2462 Ex
695 2423 732 2462 eo
752 2404 798 2466 dia
811 2405 873 2462 diae
886 2406 1037 2469 continuos
1050 2405 1177 2478 quinque

188 2491 299 2549 Caesar
319 2509 369 2568 pro
383 2492 486 2550 cestris
498 2511 568 2550 suas
580 2494 678 2568 copias
698 2493 832 2570 produxit
851 2501 880 2550 et
900 2493 994 2548 aciem
1008 2493 1178 2548 instructam

190 2580 299 2651 habuit,
314 2591 354 2650 ut,
369 2582 394 2638 ei
407 2580 496 2638 vellet
510 2582 675 2639 Ariovistus
695 2581 804 2657 proelio
818 2579 999 2648 contendere,
1014 2580 1042 2635 ei
1056 2587 1179 2654 potestas
1190 2585 1230 2649 25

188 2689 247 2726 non
260 2669 381 2728 deesset.
423 2671 589 2731 Ariovistbs
607 2669 798 2728 hisomnibus
821 2667 921 2725 diebus
935 2668 1095 2728 exercitum
1116 2683 1178 2726 cas.

188 2759 242 2816 tris
262 2760 419 2831 continuit;
442 2761 570 2836 equestri
592 2760 702 2836 proelio
723 2757 849 2834 quotidIe
870 2755 1023 2815 contendit.
1077 2755 1179 2823 Genua

189 2848 328 2905 hocerat
351 2867 475 2926 pugnae,
496 2867 554 2922 quo
578 2868 609 2908 se
632 2847 772 2906 Germani
795 2855 996 2912 exercuerant.
1038 2845 1178 2922 Equitum

186 2937 283 2994 millia
309 2947 393 2994 erant
419 2955 469 2994 sax
481 2957 490 3009 3
523 2937 639 2996 totidem
665 2955 786 2994 numero
814 2935 922 3012 pedites
945 2936 1118 3006 velocissimi
1142 2957 1178 2998 ac

190 3023 336 3082 fortissimi
348 3045 357 3097 ;
380 3044 451 3101 quos
463 3045 499 3084 ex
514 3027 592 3083 omni
613 3026 698 3102 copia
709 3026 817 3102 singuli
837 3025 978 3102 singulos,
991 3045 1062 3086 suae
1076 3027 1178 3086 salutis
1191 3035 1245 3102 39·

186 3131 288 3185 causa,
302 3114 479 3192 delegerant.
520 3115 597 3172 Cum
618 3115 665 3172 bis
684 3115 712 3171 in
734 3115 849 3190 proeliis
863 3115 1061 3186 versabantur,
1077 3116 1113 3173 ad
1127 3117 1178 3176 hos

188 3221 221 3260 aa
234 3203 345 3278 equites
359 3203 552 3280 recipiebant:
574 3203 612 3272 hi,
627 3204 733 3279 siquid
747 3213 810 3262 arat
824 3203 934 3274 durius,
948 3205 1176 3264 concurrebant:

188 3293 287 3367 siqui,
301 3293 434 3369 graviora
448 3291 569 3350 vulnere
583 3303 710 3368 eccepto,
725 3311 798 3370 equo
815 3293 969 3364 deciderat,
984 3295 1177 3353 circumsista·
1287 3351 1289 3358 ,

188 3380 273 3438 bant:
294 3381 319 3438 si
333 3399 391 3455 qno
402 3389 466 3438 arat
487 3380 600 3458 longius
614 3382 819 3458 prodeundum,
836 3392 886 3441 aut
899 3382 1024 3442 celerius
1038 3383 1176 3457 recipien-

188 3467 267 3538 (ἱππ),
294 3479 374 3526 tanta
401 3477 463 3526 erat
493 3469 596 3526 horum
623 3471 827 3531 exercitatione
855 3470 998 3540 celeritas,
1027 3481 1067 3538 ut,
1099 3470 1177 3544 jubis
1191 3471 1229 3541 δῷ

188 3574 329 3632 equorum
343 3557 494 3626 sublevati,
509 3575 628 3616 cursum
643 3559 847 3635 adaequarent.

230 3643 339 3702 XLIX.
361 3645 419 3703 Ubi
438 3663 508 3704 'eum
532 3647 635 3720 eastris
656 3665 688 3704 se
712 3651 807 3706 tenere
831 3647 940 3704 Caesar
964 3644 1115 3712 intellexit,
1140 3662 1177 3704 ne

188 3731 297 3792 dlutius
310 3743 474 3810 commeatu
486 3735 696 3811 prohiberetur,
709 3735 785 3793 ultra
797 3751 867 3792 eum
881 3733 986 3800 locum,
1000 3750 1057 3806 quo
1070 3732 1101 3789 in
1112 3732 1178 3792 >loca

185 3821 330 3882 (imni
343 3823 541 3900 manderent,
555 3823 672 3883 occist
685 3839 787 3899 passus
800 3829 950 3883 sexcentos
963 3819 1178 3890 sterneretis

676 3916 694 3968 4
