2826 4336
186 316 346 395 w‹insaaar
563 317 660 366 arans
677 301 851 369 caminus·
1053 349 1057 356 -
1172 317 1231 378 lsi

185 456 248 531 ejus
264 455 299 512 ad
312 453 471 515 *Caesarem
493 465 723 531 praecurrerent.
767 459 902 538 Reliqua,
918 481 977 538 qua
999 465 1119 524 ratione¹
1131 469 1178 543 agi

185 545 305 621 placeat,
321 547 509 603 constituunt.

225 633 393 694 xxxviii.
417 635 578 720 nucius,
594 647 713 714 coemto
733 641 874 714 eremita,
889 661 981 717 quum
1002 645 1095 702 muna
1113 623 1175 722 pis.

184 741 272 780 suum
294 721 410 783 circiter
432 743 494 782 xxx
516 727 554 781 ab
576 726 724 803 Gergovia
749 730 872 801 abesset,
897 736 1061 798 cunvocatis
1082 737 1176 795 subito

183 811 334 883 militibus,
362 813 540 890 lacrymans,
570 815 637 881 Quo
665 818 885 892 proficiscimur,
914 822 1014 898 inquit,
1043 825 1205 888 militesli

184 901 293 960 Omnis
312 913 407 962 noster
431 905 587 980 equitatus,
611 908 704 963 omnis
728 907 861 966 nobilitas
886 911 1008 969 interiit:
1030 915 1174 991 principes

181 993 308 1050 civitatis
332 993 510 1068 Eporedorix
533 1005 561 1052 et
583 991 792 1068 Viridomarus,
818 999 977 1058 insimulati
999 1004 1172 1078 proditionis,

182 1082 219 1138 ab
235 1081 373 1139 Romanis
388 1083 496 1141 indicta
509 1103 603 1170 causa
621 1085 766 1143 interfecti
779 1097 857 1144 suut.
900 1089 1036 1148 Haec'ub
1050 1093 1086 1150 iis
1107 1115 1173 1170 cog·

171 1172 300 1241 ‘noscite
310 1173 360 1247 qui
373 1191 410 1228 ex
426 1173 487 1249 ipsa
501 1174 591 1230 caede
602 1173 758 1250 ingerunt:
780 1194 848 1232 nam
863 1186 926 1253 ego,
935 1178 1073 1236 iratribus
1086 1193 1174 1260 atqua

182 1262 316 1321 omnibus
337 1263 504 1338 propinquis
526 1265 599 1320 meis
622 1263 790 1334 interfectis
805 1265 902 1322 dolore
925 1269 1083 1342 prohibeor,
1099 1287 1173 1344 quae
1188 1275 1225 1330 1⁰

180 1359 262 1427 gesta
276 1361 352 1421 sunt,
368 1353 569 1426 pronunciare.
604 1353 809 1410 Producuntur
819 1355 848 1423 ii,
858 1373 930 1429 quos
944 1356 994 1412 ills
1007 1357 1172 1427 edocuerat,

179 1457 255 1515 quae
270 1440 328 1498 dici
342 1441 450 1512 veliet3
474 1449 559 1517 atque
580 1443 692 1511 eadem,
708 1461 783 1518 quae
799 1441 951 1503 Litavicus
965 1448 1173 1520 pronunciare.

180 1539 233 1602 rat,
249 1529 426 1588 multitudini
445 1541 609 1606 exponunt:
632 1531 742 1590 Omnes
763 1535 874 1608 equites
896 1533 1066 1593 Aeduorum
1087 1537 1173 1602 inter-

180 1617 279 1687 fectos,
288 1619 365 1696 quod
375 1616 515 1677 ‘collocuti
529 1639 597 1678 cum
605 1622 749 1678 Arvernis
760 1623 942 1696 dicerentur;
964 1625 1040 1700 ipsos
1054 1643 1085 1682 se
1099 1626 1175 1688 inter

180 1709 392 1766 multitudinem
407 1709 532 1768 militum
546 1710 719 1780 occultasse,
735 1722 821 1788 atque
839 1728 877 1770 ex
891 1713 986 1774 media
1006 1715 1095 1772 caede
1110 1733 1171 1792 pro·
1187 1721 1224 1776 15

176 1797 298 1874 fugisse.
339 1799 531 1856 Conclamant
545 1800 653 1870 Aedui,
668 1810 697 1858 et
711 1789 887 1872 Litavicum,
903 1812 935 1860 ut
955 1804 1010 1860 silai
1031 1807 1171 1876 consulat,

177 1887 340 1946 obsecrant.
383 1889 478 1953 Quasi
499 1907 576 1959 vero,
600 1889 774 1966 inquit'ille,
789 1893 902 1950 nonulli
923 1894 959 1950 sit
983 1886 1037 1964 u'es,
1058 1914 1093 1952 ac
1110 1909 1172 1952 non

178 1995 298 2035 necesse
319 1978 355 2034 sit
376 1979 457 2034 nobis
482 1977 658 2054 Gergoviam
675 1981 862 2051 contendere,
884 1992 912 2039 et
936 2001 1004 2040 cum
1029 1985 1174 2046 Arvernia

178 2076 290 2124 nosmet
311 2067 497 2144 conjungere.
540 2070 589 2125 An
610 2069 788 2140 dubitamus,
806 2071 886 2146 quin,
906 2072 1019 2130 *nelarie
1045 2073 1172 2140 facinore

179 2155 311 2226 admisso,
340 2157 465 2215 Romani
489 2158 551 2232 jam
578 2157 615 2215 ad
628 2167 630 2170 ’
643 2177 694 2216 nos
722 2160 939 2218 interficiendos
970 2163 1170 2220 concurrenti
1184 2165 1228 2220 ΞΩ

179 2245 311 2317 Proinde,
327 2249 351 2303 si
365 2247 433 2322 quid
448 2251 492 2305 est
506 2249 535 2304 in
550 2248 633 2305 nobis
645 2249 744 2319 animi,
756 2261 969 2324 persequamur
980 2247 1083 2310 eorum
1095 2269 1170 2311 mor-

129 2345 135 2350 “
178 2345 246 2406 tem,
262 2338 311 2412 qui
327 2336 524 2413 indignissime
538 2338 720 2406 interierunt,
730 2347 815 2412 utque
830 2337 881 2395 hos
895 2338 1023 2396 latrones
1035 2341 1172 2397 interfici·

178 2435 274 2482 amus:
315 2425 447 2482 Ostendit
470 2428 550 2484 cives
573 2427 727 2494 Romanos,
749 2428 799 2500 qui
820 2427 886 2500 ejus
908 2427 1042 2500 praesidii
1064 2427 1172 2486 fiducia

177 2533 238 2572 una
251 2524 343 2572 eraut.
384 2515 527 2573 Continuo
546 2505 687 2593 magnum
708 2531 863 2570 numerum
878 2513 1015 2572 frumenti
1029 2533 1171 2572 comuma-

168 2609 282 2680 'tusque
295 2604 401 2680 diripit,
415 2605 495 2681 ipsos
506 2606 664 2662 crudeliter
671 2605 858 2690 'excruciatos
872 2602 1028 2660 interlinita
1050 2605 1172 2668 nuncius
1185 2613 1224 2670 w
1247 2633 1252 2639 ·

177 2703 236 2751 tcta
257 2693 374 2751 civitate
390 2691 560 2752 Aeduorum
582 2693 706 2763 dimittit,
728 2692 829 2750 eudem
850 2689 1000 2751 mandacio
1022 2693 1058 2751 de
1080 2693 1171 2751 caede
1253 2751 1258 2763 ,

177 2783 309 2858 equitum
319 2791 351 2840 et
366 2783 530 2859 principum
551 2794 714 2860 permovet:
737 2783 874 2850 hortatur,
891 2791 923 2838 ut
943 2782 1030 2839 simili
1052 2782 1170 2854 ratione,

177 2881 263 2947 atque
278 2874 339 2948 ipse
354 2871 464 2942 fecerit,
480 2888 550 2932 suas
564 2873 686 2948 injurias
700 2882 921 2950 persequantur.

219 2958 357 3020 XXXIX.
393 2961 572 3038 Eporedorix
596 2953 735 3032 Aeduus,
761 2977 875 3021 summo
902 2961 964 3020 loco
991 2973 1077 3034 natus
1104 2965 1170 3022 udo.

177 3049 300 3120 lescens,
313 3061 343 3108 et
356 3067 489 3108 summae
507 3051 583 3108 domi
599 3053 750 3128 potentiae,
765 3063 795 3109 et
808 3069 866 3109 una
881 3051 1091 3124 Viridomarus,
1108 3057 1169 3130 puri
1183 3065 1222 3121 stt

177 3149 272 3196 aetate
294 3151 322 3198 et
343 3142 447 3218 gratia,
470 3139 521 3198 sed
543 3159 650 3216 genere
675 3141 791 3216 dispari,
815 3159 901 3218 quem
923 3142 1041 3214 Caesar,
1056 3143 1110 3202 sibi
1133 3146 1170 3203 ab

173 3227 322 3286 ⁴Divitiaco
343 3230 496 3304 traditum,
504 3249 542 3287 ex
564 3229 667 3287 humili
689 3231 753 3288 ioco
774 3231 811 3288 ad
835 3249 980 3290 summam
1002 3233 1171 3311 dignitatern

176 3319 409 3395 perduceretis
431 3321 561 3395 equitum
584 3336 704 3377 numero
726 3331 929 3391 convenerant,
945 3325 1112 3383 nominatim
1134 3324 1170 3378 ab
1269 3341 1274 3350 ’

176 3425 211 3465 eo
234 3410 357 3466 avocari.
400 3407 456 3468 His
479 3418 543 3466 erat
564 3410 639 3468 inter
662 3427 694 3466 se
718 3409 754 3468 de
779 3412 948 3486 principatu
966 3411 1117 3478 contentio,
1142 3421 1170 3468 et
1239 3424 1241 3428 ·

174 3499 207 3555 in
229 3497 281 3555 illa
301 3499 524 3575 magistratuum
546 3500 742 3570 controversia
764 3497 838 3566 alter
859 3517 910 3576 pro
932 3497 1223 3566 Convictolitane,c,'r

176 3587 252 3644 alter
265 3604 317 3663 pro
336 3588 408 3646 Coto
429 3590 550 3665 summis
570 3589 673 3664 opibus
695 3599 905 3665 pugnaverant.
946 3587 993 3642 Ex
1013 3587 1049 3642 iis
1062 3585 1170 3658 Epora-
1232 3645 1237 3652 „

176 3677 268 3749 dorix,
294 3679 409 3756 cognito
433 3679 558 3738 Litavici
581 3680 712 3750 consilio,
736 3679 831 3737 media
855 3677 916 3734 iere
940 3685 1024 3732 nocte
1048 3689 1109 3731 rcm
1122 3673 1171 3734 “ed

174 3767 335 3828 Gaesarem
355 3768 467 3842 defert3
489 3781 560 3842 oret,
576 3771 624 3829 Ne
646 3771 771 3846 patiatur
792 3767 938 3826 civitatem
959 3764 1057 3839 pravis
1077 3763 1171 3838 adole

171 3857 323 3918 acontium
336 3859 466 3922 consitiis
480 3861 658 3922 chamierus
673 3856 775 3934 Populi
790 3853 1053 3914 aemendatione
1066 3875 1075 3927 3
1097 3857 1172 3932 quor
