2826 4336
174 317 332 372 emman
494 291 499 294 ’
561 315 657 365 nmen
674 289 841 366 sarrrnus.
1159 313 1220 372 136

174 455 244 531 ime,
259 464 292 512 ut
304 447 521 531 quamprimum
541 455 596 512 iter
610 453 727 525 iaceret,
750 454 903 514 Genaburn
921 455 1084 514 Carnutum
1104 477 1166 534 pro-

174 544 325 613 ficiscitur,
350 544 484 618 quitum
506 543 631 618 primum
656 543 745 616 allato
767 545 875 602 nuncio
899 545 934 602 de
956 549 1167 624 oppugnatione

174 632 400 701 Vellaunoduni,
415 649 507 706 quum
521 629 637 707 longius
657 649 722 690 earn
737 650 798 689 rem
819 631 939 691 ductum
963 635 999 690 iri
1021 637 1166 695 existima.

174 731 247 790 rent,
272 720 447 797 praesidium
472 719 587 777 Genaffi
611 719 710 778 tuendi
734 738 833 790 causa,
854 722 930 798 quod
953 741 988 780 eo
1012 725 1165 796 mitterent,

174 810 389 884 comparabant.
432 807 502 866 Hno
527 808 614 866 biduo
635 810 781 884 pervenit:
813 811 916 868 castris
940 821 1006 871 ante
1030 815 1198 890 oppidnmb

173 899 281 974 positis,
302 898 357 956 diei
381 908 508 975 tempore
532 897 679 967 exclusus,
704 898 735 954 in
756 908 902 974 posterum
924 905 1167 979 oppugnationem

174 987 277 1056 differt,
292 1005 424 1062 quaeque
439 987 475 1046 sd
490 1005 555 1044 eam
570 1005 632 1042 rem
648 987 713 1043 usui
727 987 792 1057 sint,
808 988 947 1047 militibus
967 990 1105 1066 imperat:
1127 1003 1165 1064 et,

174 1075 248 1151 quod
269 1076 407 1155 oppidum
430 1075 585 1133 Genabum
610 1093 680 1150 pons
704 1076 832 1134 fluminis
850 1075 970 1154 Ligeris
993 1081 1165 1150 continebat,

174 1165 291 1234 veritus,
314 1183 352 1224 rra
376 1175 462 1222 noctu
487 1181 524 1222 ex
545 1164 647 1240 oppido
668 1163 862 1240 profugerent,
888 1165 960 1223 duas
983 1167 1113 1242 legiones
1137 1169 1167 1226 in

174 1254 262 1310 armis
272 1254 418 1310 excubare
431 1253 522 1328 jubet.
565 1252 762 1321 Genabenses,
779 1253 865 1328 paulo
879 1263 945 1310 ante
960 1255 1085 1312 mediam
1100 1273 1166 1314 noc-
1181 1263 1219 1315 10

173 1351 232 1400 tem
255 1343 369 1400 silentio
392 1361 429 1400 ex
453 1341 555 1418 oppido
577 1342 697 1418 egressi,
721 1342 828 1400 llnmen
852 1343 974 1399 transire
997 1354 1165 1419 coeperunt.

173 1431 241 1496 Qua
255 1451 287 1488 re
298 1449 351 1508 per
363 1431 558 1507 exploratores
571 1431 718 1500 nunciata,
730 1429 840 1488 Caesar
849 1429 986 1507 legiones,
995 1450 1069 1507 quas
1082 1451 1167 1508 expo-

174 1520 247 1578 ditas
260 1540 324 1578 csse
335 1521 471 1596 jusserat,
480 1521 568 1596 portis
578 1520 714 1589 incensis,
724 1519 894 1588 intromittit,
907 1529 992 1595 atque
1007 1521 1109 1598 oppido
1120 1541 1167 1600 po-

173 1610 251 1679 titur,
261 1611 414 1686 perpaucis
425 1629 461 1667 ex
470 1609 594 1667 hostium
603 1626 725 1666 numero
733 1607 911 1678 desideratis
919 1610 989 1684 quin
999 1612 1097 1668 cuncti
1107 1612 1167 1670 vivi

173 1709 355 1774 caperentur,
370 1699 446 1773 quod
460 1699 553 1774 pontis
567 1707 653 1772 atque
667 1698 804 1754 itinerum
819 1699 969 1774 augustine
990 1699 1167 1758 multitudini
1181 1705 1219 1759 15

174 1785 274 1864 fugam
285 1787 518 1845 intercluserunt.
555 1784 700 1863 Oppidum
711 1785 808 1861 diripit
820 1797 905 1862 atque
916 1787 1043 1846 incendit
1053 1807 1062 1860 ;
1085 1806 1167 1866 prae.

173 1875 239 1934 dam
254 1875 393 1934 militibus
413 1876 508 1944 donat,
522 1876 684 1934 exercitum
699 1873 831 1952 Ligerim
844 1876 1013 1948 transducit,
1029 1887 1115 1954 atque
1136 1879 1168 1936 in

173 1965 339 2041 Biturigum
353 1965 426 2022 fines
437 1965 577 2041 pervenit.

214 2053 280 2112 XII.
303 2053 537 2129 Vercingetorix,
553 2052 602 2109 ubi
617 2051 652 2110 de
666 2051 801 2109 Caesaris
824 2051 947 2112 adventu
962 2057 1104 2132 cognovit,
1119 2076 1167 2132 op-

173 2143 348 2220 pugnatione
362 2142 480 2212 desistit,
497 2152 583 2218 atque
603 2141 718 2198 obviam
734 2141 854 2198 Caesari
869 2144 1071 2218 proficiscitur.
1114 2145 1168 2206 ille
1180 2149 1219 2206 2⁰

173 2231 309 2308 oppidum
330 2231 522 2308 [Biturigum
544 2231 668 2306 positum
690 2231 720 2287 in
735 2230 808 2306 via‚]
830 2229 1037 2290 Noviodunum
1059 2253 1167 2312 oppug-

173 2339 244 2380 nare
258 2322 431 2378 instituerat.
472 2320 540 2386 Quo
554 2337 591 2377 ex
612 2319 714 2395 oppido
727 2338 818 2394 quum
833 2319 920 2395 legati
942 2319 1060 2377 adeum
1075 2324 1167 2380 venis·

173 2420 245 2479 sent,
268 2419 391 2478 oratum,
414 2419 445 2467 nt
466 2408 520 2466 sibi
540 2409 712 2484 ignosceret,
734 2425 862 2482 suaeque
886 2408 960 2464 vitas
981 2409 1145 2467 consuleret
1157 2429 1166 2482 ;
1229 2427 1233 2432 ’

174 2510 206 2557 ut
219 2499 368 2558 celeritate
382 2498 510 2573 reliquas
524 2515 571 2554 res
585 2497 751 2564 conficeret,
766 2513 825 2571 qua
840 2494 979 2570 pleraque
993 2505 1055 2552 erat
1069 2515 1168 2554 conse.

173 2599 268 2657 cutus,
283 2606 366 2645 arma
378 2585 509 2664 proferri,
521 2603 611 2661 equos
622 2585 751 2661 produci,
760 2584 873 2642 obside
882 2581 944 2640 da'ri
955 2583 1049 2659 jubet.
1082 2583 1168 2643 Parte
1181 2589 1221 2644 25
1299 2591 1306 2605 ’

170 2678 231 2753 jam
246 2677 377 2734 obsidum
391 2675 505 2744 tradita,
520 2693 610 2750 quum
626 2675 739 2750 reliqua
750 2672 1028 2742 administrarentur,
1043 2675 1168 2730 centuri.

172 2767 276 2825 onibus
290 2774 319 2824 et
333 2766 435 2842 paucis
455 2764 595 2822 militibus
614 2763 793 2832 intromissis,
808 2763 858 2837 qui
878 2780 960 2818 arma
977 2762 1168 2840 jumentaque

173 2857 385 2931 conquirerent,
401 2855 547 2929 equitatus
561 2854 685 2912 hostium
707 2851 808 2928 pmcul
824 2851 905 2910 visus
925 2861 976 2922 est,
991 2853 1042 2928 qui
1064 2871 1169 2931 agmen

173 2939 422 3021 Vercingetorigis
445 2952 647 3000 antecesserat.
690 2942 788 3008 Quem
816 2940 1010 3016 simulatque
1034 2943 1169 3020 oppidani

174 3043 394 3110 conspexerunt,
406 3043 493 3108 atqua
504 3033 534 3090 in
549 3050 629 3108 spem
644 3031 746 3088 anxilii
756 3039 905 3101 venerunt,
916 3030 1044 3090 clamore
1055 3033 1169 3092 sublato
1182 3037 1220 3096 ³0

175 3141 256 3180 arma
276 3141 390 3199 capere,
407 3133 502 3198 portas
526 3119 673 3188 claudere,
689 3138 807 3177 murum
829 3119 974 3196 complere
999 3133 1166 3197 coeperunt.

174 3211 364 3271 Centuriones
384 3214 414 3269 in
429 3210 540 3287 oppido,
554 3225 645 3284 quum
659 3226 695 3266 ex
709 3208 918 3284 significatione
934 3209 1087 3268 Gallorum
1101 3213 1169 3270 novi

175 3301 283 3378 aliquid
307 3303 344 3360 ab
368 3301 414 3359 his
438 3300 505 3356 iniri
529 3297 642 3356 consilii
666 3297 883 3368 intellexissent,
903 3297 1012 3375 gladiis
1032 3299 1169 3357 districtis

175 3401 269 3467 portas
282 3397 510 3466 occupaverunt,
525 3404 650 3461 suasque
664 3403 764 3443 omnes
778 3386 939 3444 incolumes
953 3395 1135 3462 receperunt.

215 3479 295 3538 xltt
316 3479 427 3536 Caesar
440 3496 476 3536 ex
496 3476 599 3534 castris
618 3475 778 3550 equitatum
800 3475 886 3532 educi
907 3473 999 3550 jubet,
1014 3472 1167 3548 proelium·
1180 3473 1220 3528 85

173 3587 241 3645 qne.
254 3578 389 3644 equestre
414 3565 583 3624 committit:
611 3563 809 3622 laborantibus
833 3563 895 3638 jam
919 3564 981 3619 suis
1006 3560 1169 3617 Germanos

173 3659 285 3732 equites
309 3657 427 3714 circiter
449 3673 486 3714 cn
510 3653 658 3722 submittit,
683 3669 755 3726 quos
779 3652 816 3708 ab
837 3650 919 3705 initio
938 3665 1038 3705 secum
1060 3645 1167 3706 habere

173 3746 346 3805 instituerat.
390 3745 501 3804 Eorum
524 3743 661 3818 impeturn
677 3741 756 3798 Galli
777 3737 919 3796 sustinere
933 3753 990 3792 non
1004 3742 1166 3809 potuerunt,

175 3845 260 3914 atque
274 3837 305 3892 in
320 3834 420 3914 lugam
434 3831 567 3909 conjecti,
583 3830 682 3890 multis
701 3827 823 3895 amissis,
839 3841 903 3880 sesa
917 3822 953 3882 ad
967 3839 1073 3901 agmen
1087 3839 1166 3884 reos.
