2826 4336
191 283 252 346 na
535 289 704 340 nasanm
719 285 863 338 cituco
1040 241 1232 340 'romara

242 447 384 490 unacmn
404 429 524 505 reliquis
544 428 690 506 pendulum
713 426 833 484 utilitiaa
846 423 1027 492 amationem
1043 423 1235 498 ommuntqua

243 537 342 578 rerum
356 521 462 578 habent
475 519 698 576 immunitatem.
715 549 719 554 ·
739 515 844 575 Tantis
856 514 974 574 excitati
989 513 1236 590 praemiiaetsua

243 618 341 687 sponte
355 609 439 666 multi
453 609 482 665 in
497 607 679 684 disciplinam
698 606 883 674 conveniunt,
898 615 928 662 et
947 623 966 660 a
985 603 1151 679 parentibus
1172 621 1234 678 pro·

243 699 415 778 pinquisqus
430 699 592 756 mittuntur.
634 695 777 774 Magnum
790 695 831 752 ibi
845 711 1000 756 numerum
1008 711 1147 752 rensuum
1161 691 1236 752 edis·

211 793 311 854 §cere
331 788 484 846 dicuntur:
515 788 613 862 itaqua
633 804 723 844 anuoe
743 783 875 842 nonnulli
889 784 1008 842 vicenos
1032 783 1062 840 in
1083 781 1236 858 disciplina

244 887 422 954 permanent.
465 875 571 952 Neque
593 875 637 932 fas
657 893 720 932 esse
740 874 954 933 existimantes
970 872 1065 930 literis
1086 871 1235 940 nunciare,

243 985 334 1042 quum
348 968 378 1024 iu
392 965 512 1040 reliquis
527 964 587 1026 fers
609 965 695 1022 robus
715 963 849 1039 publicis,
870 961 1046 1038 privatisque
1065 960 1234 1029 rationibus,

244 1057 369 1116 Graecis
381 1067 500 1116 utantur
513 1056 616 1114 literis.
645 1055 690 1113 ¹Id
704 1055 775 1114 mihi
789 1053 904 1114 duabus
914 1051 950 1109 do
968 1051 1065 1112 nausia
1078 1049 1236 1108 instituisse

244 1149 399 1222 videntur3
432 1145 506 1224 quod
521 1165 618 1223 neque
637 1147 668 1204 in
682 1145 804 1222 vulgum
825 1131 1007 1220 disciplinam
1026 1141 1122 1200 efferri
1134 1140 1236 1210 velint,

194 1243 232 1300 tn
244 1255 339 1316 neque
353 1259 410 1310 eoa,
425 1239 476 1315 qui
491 1239 611 1307 ᾶὶεοαιιῐ,
627 1237 720 1296 literis
740 1235 871 1304 confisos,
886 1233 982 1292 minus
1002 1233 1158 1292 memoriae
1176 1241 1236 1288 stu-

244 1328 331 1388 dere:
362 1329 437 1405 quod
466 1327 527 1386 fere
554 1327 700 1404 plerisque
725 1324 839 1394 accidit,
864 1333 897 1381 ut
924 1322 1066 1400 pracsidio
1086 1322 1237 1381 literarum

244 1417 424 1496 diligentiam
438 1419 468 1474 in
489 1415 677 1494 perdiscendo
697 1434 734 1472 ac
746 1415 916 1472 montorium
936 1414 1091 1473 remittant„
1133 1410 1166 1469 ln
1180 1411 1236 1485 pri..

244 1510 300 1564 mis
314 1510 367 1565 hoc
381 1508 482 1565 volunt
502 1505 687 1582 persuadere,
702 1521 759 1560 non
774 1504 891 1562 interire
913 1503 1035 1572 animas,
1049 1501 1101 1560 aed
1122 1501 1158 1558 ab
1171 1500 1239 1558 aliia

244 1606 305 1670 poet
319 1606 437 1652 mortem
452 1595 574 1650 transire
589 1592 625 1649 ad
637 1593 727 1664 ulios3
750 1602 836 1666 atqua
851 1591 905 1648 hoe
916 1592 1042 1650 maxima
1057 1591 1093 1650 ad
1102 1592 1238 1650 virtulem

195 1687 231 1744 ld
244 1684 365 1740 excitari
386 1689 495 1758 putant,
515 1691 594 1738 motu
615 1681 714 1737 mortis
737 1681 880 1756 neglecto.
922 1679 1017 1738 Multa
1031 1691 1182 1756 praeterea
1201 1679 1236 1737 de

243 1769 385 1828 sideribus
399 1780 485 1845 atque
499 1785 600 1826 eorum
614 1778 702 1838 motu,
713 1768 750 1824 de
765 1767 865 1826 muudi
879 1787 915 1824 ac
933 1777 1079 1825 terrarum
1092 1770 1237 1845 magnitu-

242 1859 318 1928 dine,
332 1859 368 1915 da
383 1875 481 1914 rerum
495 1867 609 1926 nature,
626 1857 662 1914 do
676 1856 807 1914 Deorum
826 1856 1032 1915 immortalium
1046 1857 1076 1913 vi
1097 1875 1133 1914 ac
1147 1869 1238 1934 pates-

243 1958 300 2006 tate
313 1947 467 2024 disputant,
482 1957 511 2006 et
522 1946 667 2020 juventuti
681 1945 843 2003 transdunt.

255 2019 264 2046 ’
284 2036 350 2094 XV.
372 2036 508 2094 Alterum
530 2050 623 2113 genus
645 2047 688 2093 ost
710 2035 861 2110 Equitum.
904 2033 954 2104 Hi,
975 2051 1067 2110 quum
1092 2045 1236 2114 estuans,

164 2201 167 2206 Ι
189 2131 232 2188 Μ
243 2137 329 2203 atquc
352 2126 467 2202 aliquod
482 2125 590 2184 beilum
604 2125 712 2194 incidit,
728 2123 818 2202 (quod
841 2134 908 2182 ants
922 2125 1057 2184 Caesaris
1080 2125 1237 2184 advemum

243 2215 304 2274 iere
318 2217 472 2292 quotannis
485 2213 620 2297 accidere
632 2215 750 2284 solebat,
760 2215 803 2271 uti
815 2225 868 2272 aut
882 2215 936 2291 ipsi
951 2215 1073 2290 injurias
1087 2214 1235 2284 inferrent,

243 2317 294 2366 aut
314 2307 409 2366 illatas
430 2305 652 2384 propulsarem)
676 2323 777 2364 omnes
800 2306 831 2362 in
856 2306 932 2364 bello
958 2316 1127 2364 versantur:
1149 2313 1235 2380 atque

242 2416 344 2458 eurum
357 2399 525 2474 utquisque
546 2407 589 2456 est
603 2415 710 2474 genere
730 2395 879 2472 copiisque
901 2395 1104 2472 amplissimus,
1119 2395 1158 2452 ita
1172 2395 1236 2470 plus

244 2489 332 2546 rimus
346 2489 459 2546 circum
474 2507 505 2546 so
526 2488 674 2545 ambactos
694 2485 875 2561 clientesque
887 2485 1003 2544 habent.
1046 2484 1133 2544 Hauc
1147 2503 1236 2542 uuam

191 2581 231 2642 at
242 2580 367 2657 gratiam
382 2579 594 2654 potentiamque
609 2585 760 2634 noverunt.

285 2669 366 2728 XVI.
389 2668 478 2728 Natio
501 2678 544 2725 est
565 2667 695 2726 onmium
717 2665 870 2724 Gallorum
893 2664 1047 2724 admodum
1061 2663 1156 2722 dedita
1170 2663 1236 2724 reli·

212 2749 215 2757 '
243 2759 379 2836 gionibus
387 2777 395 2830 ;
413 2767 504 2832 'atque
518 2757 633 2814 obeam
647 2773 777 2824 colimur,
792 2754 843 2830 qui
857 2763 927 2812 sunt
945 2753 1041 2813 affecti
1055 2753 1236 2829 gravioribus

244 2847 358 2914 morbis,
383 2849 492 2921 quique
517 2847 546 2902 in
568 2846 685 2923 proeliis
709 2845 905 2922 periculisque
926 2853 1089 2912 versantur,
1111 2852 1160 2900 aut
1184 2860 1236 2917 pro

244 2934 369 2990 victimis
383 2933 512 2990 homines
526 2935 683 3004 immolant,
699 2944 749 2992 aut
762 2951 794 2991 sa
808 2933 1005 2991 immolaturos
1018 2941 1131 3000 vovent,
1146 2931 1235 2988 admi.

192 3025 232 3082 w
243 3021 398 3094 nistrisque
413 3021 448 3077 ad
463 3040 499 3078 ea
512 3023 657 3082 sacrificia
670 3021 832 3081 Druidibus
845 3031 987 3093 utimtur3
1008 3019 1093 3095 quod,
1108 3037 1160 3094 pro
1175 3021 1237 3078 vita

243 3111 367 3168 hominis
380 3111 436 3168 nisi
456 3111 578 3170 hominis
593 3115 651 3170 vita
671 3113 816 3183 reddatur,
831 3131 888 3172 non
907 3130 989 3188 posse
1008 3111 1091 3168 aliter
1104 3108 1235 3170 Deorum

169 3237 173 3246 «
243 3199 449 3258 immortalium
463 3218 570 3258 numan
582 3202 691 3276 placari
703 3205 895 3262 arbitrantur:
918 3201 1090 3279 publicaque
1104 3200 1234 3276 ejusdem
1299 3201 1301 3208 “

243 3290 360 3368 generis
372 3289 478 3348 habent
491 3291 620 3348 instituta
634 3293 787 3350 sacrificia.
830 3293 893 3350 Alii
906 3292 1026 3349 immani
1037 3291 1235 3368 magnitudino

243 3379 401 3439 simulacra
424 3379 538 3448 habent,
553 3397 676 3454 quorum
694 3392 827 3440 contexta
847 3383 1004 3440 viminibus
1018 3382 1147 3439 membra
1161 3382 1237 3440 vivis

191 3469 405 3530 &hominibus
425 3466 579 3544 complent,
601 3470 706 3544 quibus
726 3473 885 3542 succensis,
905 3472 1097 3530 circumventi
1117 3471 1235 3532 flamma

242 3559 445 3619 exanimantur
459 3559 598 3616 homines.
640 3558 791 3634 Supplicia
805 3577 915 3630 eorum,
930 3561 980 3637 qui
995 3561 1025 3618 in
1035 3559 1125 3628 lura,
1139 3569 1190 3618 aut
1204 3561 1234 3618 in

242 3651 399 3722 latrocinio,
422 3659 473 3708 aut
495 3649 593 3724 aliqua
615 3667 691 3706 noxa
713 3650 770 3706 sint
793 3651 1000 3726 comprehensi,
1022 3651 1148 3728 gratima
1169 3647 1234 3708 Diis

242 3736 451 3798 immortalibus
464 3759 528 3797 essa
543 3739 735 3796 arbitrantur:
755 3738 815 3808 sed,
831 3757 922 3814 quum
936 3741 1001 3815 ejus
1022 3741 1137 3816 generis
1150 3739 1234 3816 copia

241 3825 347 3896 delicit,
362 3828 499 3888 etiamad
514 3827 711 3888 innocentium
724 3827 868 3904 supplicia
880 3827 1070 3894 demandant.
