2804 4312
203 265 245 324 70
556 271 600 319 ua
619 269 725 318 naam
744 267 889 317 caturco
1119 267 1244 322 [cus-t

251 431 327 472 anno
350 429 500 470 remanere
522 429 580 467 uno
601 410 631 466 iu
653 407 716 466 loco
738 406 882 466 incolendi
903 423 994 463 causa
1016 403 1095 462 lieet.
1138 404 1245 482 Neque

251 501 375 560 multum
389 499 541 568 frumento,
557 497 607 556 aed
622 499 778 556 maximam
800 505 911 572 partem
935 495 1010 552 lacte
1032 504 1118 570 atque
1139 513 1245 572 pecore
1286 569 1294 581 ,

251 591 361 661 vivunt,
383 590 564 665 multumque
585 597 653 645 sunt
674 588 705 643 in
719 585 937 645 venationibus:
959 602 1035 660 quae
1058 601 1114 655 res,
1136 595 1164 642 et
1186 585 1245 644 eibi

250 697 363 756 genere,
379 690 408 740 et
421 677 588 754 quotidiana
601 677 816 746 exercitatione,
836 684 865 733 et
876 674 1008 732 libertate
1022 674 1111 744 vitae,
1126 674 1212 750 quod,
1228 693 1245 732 a

218 770 348 846 bpueris
372 767 454 826 nullo
481 765 575 844 officio
589 776 650 825 aut
674 765 827 842 disciplina
849 761 1013 833 assuefacti,
1035 763 1245 821 nihilomnino

134 915 139 926 ,
250 867 350 938 contra
364 857 541 916 voluntatem
556 853 672 925 faciant,
687 865 716 912 et
731 856 807 912 vires
828 854 888 922 alit,
903 863 931 911 et
952 853 1071 910 immani
1092 871 1244 929 corporum

250 947 448 1026 magnitudine
463 947 592 1004 homines
606 943 704 1002 efficit.
741 945 839 1019 Atque
848 944 878 1000 in
887 961 952 1000 earn
963 961 994 1000 se
1006 942 1244 1002 consuetudinem

250 1035 441 1107 adduxeruut,
467 1046 499 1096 ut
522 1035 594 1094 locis
620 1033 826 1111 frigidissimis,
854 1051 949 1108 neque
972 1032 1101 1102 vestitus,
1130 1041 1245 1108 praeter

220 1183 221 1188 ,
250 1125 350 1202 pelles,
370 1126 495 1184 habeant
507 1124 666 1200 quidquam
680 1125 817 1201 (quarum
832 1131 946 1200 propter
954 1121 1149 1199 exiguitatem,
1164 1139 1244 1198 mag-
1299 1157 1305 1162 -

200 1219 238 1273 1⁰
251 1233 289 1272 ua
303 1225 347 1274 est
360 1216 488 1292 corporis
502 1231 570 1292 pars
584 1212 707 1292 aperta),
723 1221 751 1270 et
764 1211 899 1270 laventur
912 1212 942 1269 in
957 1211 1135 1269 tluminibus.
1227 1211 1230 1218 '

290 1303 328 1364 ll.
352 1304 564 1364 Mercatoribus
577 1313 621 1361 est
635 1303 671 1361 ad
685 1323 734 1360 eor
749 1302 853 1372 aditus,
867 1301 961 1379 magis
975 1320 1017 1370 ec,
1034 1311 1065 1358 ut
1079 1319 1154 1378 quae
1169 1300 1245 1358 bello

250 1395 388 1472 ceperint,
403 1396 508 1472 quibus
522 1391 657 1463 vendant,
670 1391 899 1468 habeant,quam
909 1410 967 1466 quo
981 1389 1072 1448 ullam
1087 1408 1149 1448 rem
1163 1389 1199 1448 ad
1212 1410 1244 1448 se

250 1483 399 1560 importari
420 1483 600 1542 desiderent:
621 1482 691 1558 quin
713 1482 800 1538 etiam
818 1481 966 1558 jumentis,
990 1481 1096 1556 quibus
1118 1481 1244 1538 maxime

251 1571 349 1628 Gallia
363 1572 532 1640 delectatur,
554 1589 687 1646 quaeque
707 1571 835 1646 impenso
856 1579 959 1646 parant
980 1570 1079 1644 pretio,
1102 1569 1245 1627 Germani

200 1663 237 1718 lb
250 1660 408 1736 importatis
421 1679 477 1718 non
492 1669 631 1717 utuntur:
654 1658 713 1727 sed,
729 1675 804 1733 quae
818 1667 885 1714 sunt
906 1655 983 1732 apud
997 1667 1137 1726 coenata,
1152 1676 1246 1734 prava

250 1757 335 1823 etque
349 1747 496 1817 deformia,
516 1747 591 1804 haec
604 1745 772 1822 quotidiana
792 1746 1005 1814 exercitatione,
1020 1746 1126 1802 summi
1142 1756 1173 1803 ut
1186 1749 1246 1807 sint

249 1833 363 1905 laboris,
374 1835 513 1894 efficiunt.
556 1834 747 1910 Equestribus
759 1834 882 1910 'proeliis
900 1851 985 1910 saepe
1000 1852 1035 1892 ex
1050 1833 1133 1910 equis
1146 1835 1243 1896 desili.

250 1934 309 1993 unt,
320 1942 356 1982 ac
368 1923 489 1999 pedibus
497 1923 683 2000 proeliantur,
692 1941 841 2000 equosque
851 1922 951 1981 ecdem
960 1940 1110 1982 remanere
1121 1927 1245 2006 vestigio

249 2011 465 2085 assuefaciunt3
489 2012 524 2070 ad
538 2031 610 2088 quos
624 2031 655 2070 se
669 2013 813 2082 celeriter,
825 2031 916 2090 quum
928 2030 999 2070 usus
1013 2023 1065 2084 est,
1080 2015 1243 2092 recipiunt:

197 2107 236 2162 20
248 2121 342 2179 neque
352 2121 453 2160 eorum
468 2101 595 2160 moribus
605 2103 722 2179 turpius
737 2101 895 2178 quidquam
910 2111 961 2162 aut
975 2103 1096 2183 inertius
1110 2104 1242 2176 habetur,

249 2211 336 2268 quam
352 2191 492 2270 ephippiis
507 2191 559 2249 uti.
601 2191 702 2268 Itaque
723 2191 760 2249 ad
773 2191 906 2269 quemvis
926 2211 1081 2252 numerum
1096 2195 1241 2274 ephippia·

248 2292 343 2340 torum
357 2284 497 2358 equitum,
512 2283 646 2359 quamvis
665 2282 760 2358 pauci,
776 2281 855 2340 adire
876 2281 992 2340 audent.
1035 2281 1145 2358 Vinum
1161 2285 1196 2342 ad
1211 2305 1242 2342 se

247 2373 363 2432 omnino
385 2373 533 2450 importari
553 2390 610 2430 non
624 2373 731 2442 sinunt,
745 2371 822 2448 quod
842 2391 878 2430 ea
899 2391 931 2430 re
951 2371 987 2429 ad
1001 2369 1129 2430 laborem
1150 2373 1240 2432 feren-

248 2461 318 2519 dum
332 2462 535 2520 remollescere
550 2461 680 2520 homines
694 2470 780 2538 atque
794 2459 957 2520 effeminari
971 2461 1159 2520 arbitrantur.

196 2559 235 2614 25
288 2549 342 2611 Ill.
365 2551 485 2611 Publice
500 2552 656 2609 maximam
670 2560 771 2628 putant
784 2569 848 2609 esse
862 2550 988 2621 laudem,
1000 2568 1089 2628 quam
1103 2551 1241 2610 latissime

249 2643 340 2701 esuis
354 2642 460 2700 finibus
474 2660 581 2700 vacare
596 2660 698 2720 egros:
720 2641 776 2698 hae
791 2659 822 2699 re
836 2639 1005 2718 significari,
1027 2659 1167 2719 magnum
1188 2661 1240 2700 nu-

248 2749 362 2790 merum
385 2733 548 2791 civitatium
574 2751 658 2790 suam
681 2731 740 2788 vim
762 2731 904 2788 sustinere
928 2749 984 2788 con
1006 2749 1099 2807 posse.
1141 2730 1241 2808 ltaque

248 2837 307 2877 una
320 2839 358 2877 ex
372 2830 454 2896 parte
467 2839 485 2878 a
499 2821 604 2880 Suavis
618 2821 736 2886 circiter
746 2819 838 2878 millia
857 2837 996 2896 passuum
1009 2837 1045 2878 uc
1057 2821 1120 2898 agri
1134 2839 1240 2880 vacare

246 2907 394 2966 dicuntur.
437 2906 486 2966 Au
500 2910 622 2968 alteram
641 2920 753 2986 panem
773 2908 934 2968 succedunt
948 2908 1026 2979 Ubii,
1041 2927 1165 2986 quorum
1187 2910 1241 2970 fuit

196 3003 235 3058 30
248 2995 351 3052 ciuitas
371 2995 469 3070 ampla
490 3005 576 3070 atque
598 2998 712 3069 florens,
725 2993 767 3056 'ut
786 3009 830 3056 eat
851 3007 955 3076 captus
975 2993 1197 3070 Genucnorum,
1212 3011 1241 3060 et

247 3081 343 3158 paulo,
353 3099 441 3156 quam
454 3093 522 3141 sunt
536 3084 666 3160 ejusdem
674 3089 800 3164 generis,
810 3088 898 3146 etiam
909 3087 1032 3146 cacteris
1045 3088 1239 3160 humaniores,

207 3246 210 3252 1
248 3179 398 3247 propterea
417 3170 492 3246 quod
508 3169 643 3230 Rhenum
664 3177 819 3254 attingunt,
834 3178 1017 3254 multumque
1040 3177 1076 3236 ed
1096 3197 1146 3236 ecs
1165 3198 1239 3236 mer-

247 3267 359 3318 catores
373 3260 524 3330 veatitant,
539 3272 568 3320 et
583 3261 636 3338 ipsi
652 3274 766 3340 prepter
778 3267 1020 3343 propinquitatem
1038 3266 1162 3326 Gallicis
1172 3279 1240 3329 sunt

247 3349 374 3408 moribus
395 3347 560 3408 assuefacti.
603 3349 665 3408 Hos
689 3371 781 3427 quum
801 3355 903 3426 Suevi,
925 3356 1025 3415 multis
1046 3375 1132 3432 saepe
1155 3341 1243 3416 bellis

194 3451 233 3508 35
246 3439 365 3517 experti,
380 3437 725 3516 propteramplitudinem
738 3444 969 3523 gravitatemque
983 3446 1118 3515 civitatis,
1132 3447 1239 3506 finibus

245 3529 391 3606 expellere
412 3547 469 3586 non
490 3530 655 3605 potuissent,
677 3539 773 3588 tamen
788 3534 946 3612 vectigales
967 3536 1022 3594 sibi
1044 3534 1187 3606 fecerunt,
1203 3555 1238 3598 ac

245 3619 336 3678 multo
349 3618 517 3678 humiliores
531 3617 760 3694 infirmioresque
775 3621 959 3702 redegerunt.

284 3707 337 3766 lv.
359 3707 393 3766 ln
406 3707 619 3770 eadem,cause
633 3705 751 3768 fuerunt
770 3709 904 3788 Usipetes
919 3724 948 3772 et
962 3713 1151 3786 Tenchtheri‚
1166 3735 1238 3794 quc·

245 3811 335 3870 napta
347 3795 482 3868 ditium,
497 3798 547 3874 qui
561 3797 725 3874 complures
739 3815 829 3860 annos
842 3800 1006 3862 Suevornm
1018 3803 1077 3862 vim
1091 3805 1236 3864 sustinue-
