2844 4340
168 306 225 354 ora
235 305 323 360 aeis
555 303 819 358 immuumros.
1170 299 1214 365 ee

109 477 113 486 ·
165 453 330 522 cogeretur.
373 441 482 500 Omnia
508 444 718 520 excogitantur,
741 461 833 519 quare
861 461 917 502 nec
944 445 1006 504 sine
1033 447 1163 523 periculo

165 543 327 603 maneatur,
338 541 367 592 et
378 533 518 608 languore
533 533 657 592 militum
668 543 697 592 et
709 534 815 609 vigiliis
829 535 992 609 perieulum
1007 547 1160 613 augeatur.

166 622 263 682 Prima
287 622 358 680 inoe
381 622 424 678 sic
447 639 485 678 ex
508 622 611 680 eastris
636 622 866 696 proficiscuntur,
892 633 932 694 ut,
956 627 1063 701 quibus
1086 636 1162 684 esset

166 729 348 789 persuasum,
363 729 421 770 non
432 711 472 770 ab
486 711 575 780 hoste,
590 710 640 770 aed
655 711 692 768 ab
712 711 826 770 homine
837 715 1022 783 ,amicissimo
1042 715 1161 773 Ambio·

166 804 229 880 rige
242 802 398 862 eonsilium
412 801 521 871 datum,
531 801 697 879 longissimo
708 804 823 880 egmine
838 806 1029 882 maximisque
1043 801 1193 883 impedi-t

168 895 282 954 mentis.
1163 939 1168 946 .

207 981 331 1042 xxxii.
354 983 397 1042 At
410 983 514 1053 metas,
530 993 715 1059 posteaquam
728 1003 766 1042 ex
780 995 921 1044 nocturno
935 986 1052 1046 fremitu
1067 988 1161 1065 vigili.

168 1073 248 1149 isque
263 1073 299 1132 de
318 1071 493 1150 proiectione
514 1091 614 1130 eorum
633 1085 793 1144 uetuerunt,
814 1075 963 1134 collocatis
987 1078 1099 1136 insidiis
1120 1079 1161 1134 bi-

168 1164 271 1240 partito
294 1163 325 1222 in
349 1162 431 1220 silvis
460 1171 618 1238 opportuno
642 1171 728 1238 etque
751 1164 867 1222 occulto
890 1164 963 1234 loeo,
993 1185 1010 1222 a
1034 1166 1163 1222 millibus

168 1271 306 1328 passuum
328 1252 445 1310 circiter
468 1251 590 1321 duobus,
614 1251 812 1312 Ronnnorum
837 1252 994 1310 adventum
1015 1263 1163 1329 exspecta·
1177 1257 1216 1312 ld

168 1343 254 1400 bant:
276 1352 313 1412 et,
327 1359 419 1418 quum
431 1361 464 1400 ae
478 1342 571 1418 major
585 1361 651 1418 pars
666 1343 790 1418 ngminis
807 1343 835 1398 in
851 1359 988 1418 magnam
1001 1342 1165 1400 convallem

168 1431 339 1500 demisisset,
353 1449 391 1489 ex
406 1441 528 1506 utraque
543 1441 624 1509 parta
639 1431 704 1508 ejus
718 1430 804 1488 vallis
818 1430 911 1486 subito
925 1449 956 1487 m
971 1429 1163 1500 ostenderim,

169 1521 396 1598 novissimosque
420 1539 562 1596 premere,
577 1533 606 1580 et
619 1522 726 1598 primos
746 1521 896 1597 prohibere
912 1520 1062 1590 acbosnmr,
1078 1529 1165 1596 etqua

169 1614 468 1688 iniquissimouostris
481 1613 544 1672 loeo
559 1613 699 1689 proelium
713 1613 891 1672 committere
906 1623 1073 1689 coeperunt.

211 1701 351 1762 XXXIII.
374 1701 453 1760 Tum
474 1703 591 1760 demum
607 1701 751 1772 Titurius,
767 1703 868 1779 utqui
889 1703 960 1760 nihil
981 1713 1048 1762 aute
1072 1704 1217 1781 provi-15

170 1793 266 1862 disset,
291 1791 445 1869 trepidare,
468 1810 656 1861 concursare,
682 1793 871 1870 cohortesque
895 1793 1063 1869 disponere3
1093 1793 1167 1852 haec

170 1892 267 1942 temen
281 1883 344 1958 ipse
357 1881 465 1952 timide,
479 1891 566 1957 atque
581 1891 614 1940 ut
633 1899 701 1938 eum
721 1882 819 1940 emnia
839 1883 962 1942 delicere
979 1883 1166 1942 viderenturr

171 1971 247 2047 quod
271 1971 443 2049 plerumque
465 1972 501 2028 iis
522 1970 656 2028 accidere
676 1969 835 2041 consuerit,
849 1973 900 2048 qui
921 1973 951 2028 in
972 1973 1033 2048 ipso
1052 1974 1167 2050 negotio

172 2061 326 2120 eonsilium
350 2067 456 2136 capere
480 2069 635 2142 cogemur.
678 2061 720 2118 m
740 2060 831 2131 Gonu,
849 2062 899 2137 qui
920 2063 1074 2138 cogitasset
1093 2063 1169 2120 haee

173 2167 255 2226 poseo
276 2149 305 2208 in
327 2149 432 2211 itinere
453 2149 596 2217 occidere,
612 2158 699 2224 atque
713 2149 748 2206 ob
764 2169 829 2208 eam
843 2169 963 2208 oausam
984 2149 1168 2227 promotionis
1179 2149 1220 2206 w

173 2250 275 2298 auctor
288 2257 345 2298 non
359 2238 470 2308 suisset,
484 2237 568 2296 nulla
582 2239 611 2297 in
627 2257 657 2296 re
672 2241 819 2296 communi
839 2239 926 2297 soluti
946 2239 1065 2313 deerat3
1088 2251 1117 2298 et
1136 2241 1186 2298 in·

175 2328 353 2406 appellandis
361 2328 599 2404 cohortandisque
609 2329 757 2399 militibus,
766 2329 947 2406 imperatoris
956 2349 965 2400 ;
982 2339 1011 2386 et
1020 2331 1050 2385 in
1059 2349 1167 2406 pogna,

174 2421 274 2480 militis
296 2419 392 2478 officia
416 2420 588 2495 praestabat.
630 2419 789 2494 Quumque
817 2427 931 2495 propter
959 2418 1169 2492 longitudinem

176 2512 299 2588 agmins
313 2511 410 2570 miuus
425 2509 510 2571 facile
524 2529 576 2590 per
588 2530 620 2568 se
634 2511 730 2568 omnia
751 2510 839 2578 obire,
854 2507 964 2582 etquid
979 2525 1093 2581 quoque
1106 2507 1171 2566 looo

176 2601 343 2660 iaciendum
358 2611 442 2670 esset,
458 2601 607 2678 providere
622 2609 744 2676 possent,
757 2599 906 2673 jusserunt
923 2597 1123 2672 pronunciare,
1139 2608 1170 2656 ut
1183 2603 1222 2658 25

177 2691 381 2768 impedimento
392 2691 598 2766 relinquerent,
612 2701 697 2764 atque
709 2689 739 2744 in
750 2687 848 2745 orbem
860 2686 1058 2744 consisterent.
1084 2686 1171 2751 Quod

177 2781 329 2841 eonsilium
353 2781 407 2838 etsi
429 2781 459 2838 in
483 2779 624 2856 ejusmodi
648 2795 721 2836 cusu
746 2774 1013 2853 reprehendendum
1038 2786 1171 2847 nonest,

178 2879 273 2930 tamon
296 2869 476 2928 incommode
500 2869 623 2928 accidit:
652 2887 721 2925 nam
744 2877 774 2925 et
800 2867 905 2926 nostris
928 2865 1068 2923 militibus
1091 2885 1172 2944 spem

178 2959 289 3029 minuit,
304 2968 333 3018 et
346 2959 442 3016 hostes
456 2958 492 3015 ad
506 2977 633 3035 pugnam
653 2957 810 3015 alacriores
824 2956 928 3027 effecit,
943 2955 1019 3032 quod
1033 2971 1089 3014 non
1110 2958 1172 3018 sine

179 3067 291 3106 sumnto
301 3049 403 3106 timore
414 3057 442 3106 et
453 3047 650 3123 desperatione
662 3046 690 3104 id
702 3043 811 3104 sactum
823 3046 983 3107 ridebatur.
1019 3046 1173 3106 Praeterea
1186 3051 1225 3107 30

180 3138 293 3208 eccidit,
315 3137 392 3213 quod
415 3137 480 3194 lieri
506 3155 625 3194 necesse
646 3147 718 3206 eret,
740 3146 772 3194 ut
792 3136 880 3214 volgo
900 3137 1005 3194 milites
1024 3136 1064 3194 ab
1083 3137 1174 3214 signis
1214 3189 1216 3193 ,

180 3226 378 3300 discederent3
400 3243 477 3302 quae
489 3226 613 3302 quisque
627 3243 727 3283 eorum
750 3227 902 3284 oenssime
921 3227 1049 3295 haberet,
1065 3226 1101 3282 ab
1122 3227 1173 3282 im-

181 3316 350 3392 pedimentis
364 3327 461 3393 petere
476 3325 561 3390 atque
568 3313 702 3391 abripere
716 3327 898 3392 properarem
914 3315 1041 3374 clamore
1056 3333 1092 3372 ee
1105 3315 1175 3371 fletu

181 3407 276 3464 omnia
289 3406 514 3482 oomplerentur.
1237 3471 1241 3482 1

222 3495 363 3554 XXXIV.
384 3496 427 3554 At
451 3494 584 3552 barbaris
607 3493 760 3566 consilium
784 3513 841 3552 nen
864 3491 973 3550 defuit:
995 3505 1062 3548 nem
1086 3487 1228 3547 tuomet

183 3603 282 3642 eorum
296 3595 354 3644 tota
369 3585 432 3644 acie
446 3583 632 3661 pronunciari
644 3583 801 3657 jusserunt,
817 3581 865 3638 Ne
879 3582 945 3654 quis
960 3580 998 3636 ab
1009 3575 1072 3631 loeo
1086 3573 1176 3629 disce·

184 3673 279 3732 deret:
301 3673 418 3731 illorum
433 3693 495 3732 esse
514 3671 660 3748 praedam,
676 3683 761 3747 atque
783 3669 840 3726 illis
861 3665 1015 3730 reservari,
1030 3677 1176 3736 quaecun-

184 3779 241 3836 que
262 3762 387 3822 Romaui
409 3762 611 3838 reliquissent:
632 3759 751 3836 proinde
774 3753 872 3814 omnia
896 3753 927 3808 in
945 3747 1067 3808 victorie
1087 3749 1178 3824 possita

186 3851 391 3913 existimarent.
434 3849 527 3912 Erant
549 3857 578 3906 et
601 3846 706 3904 virtute
728 3854 757 3904 et
778 3858 899 3900 numero
921 3837 1074 3918 pugnando
1094 3855 1178 3915 para·
