2830 4326
134 279 270 334 cenat
520 275 617 324 unm
634 273 798 332 suenrus
1142 267 1180 328 rt

135 428 222 490 rnnt;
246 415 283 474 sd
298 424 464 474 extremum
483 424 589 485 tamen,
604 416 684 492 agris
703 415 827 494 expulsi,
842 425 871 474 et
892 415 991 476 multis
1007 417 1129 477 Germa·

135 509 199 566 niae
224 507 298 565 locis
319 506 478 564 triennium
493 507 599 584 vagati,
614 506 651 564 ad
666 506 803 576 Rhenum
825 519 1036 582 pervenerunt:
1056 529 1131 586 quas

136 599 266 676 regiones
282 596 411 673 Menapii
425 595 597 666 incolebant,
612 607 641 654 et
658 595 698 653 ad
714 605 867 672 utramque
888 597 980 674 ripam
1003 599 1131 660 fluminis

136 705 227 765 agros,
243 687 389 756 aedificia,
405 686 541 762 vicosque
563 686 725 758 habebant3
748 685 798 742 sed
819 696 915 744 tantae
938 688 1131 748 multitudinis

136 775 212 834 aditu
228 776 383 854 perterriti,
392 793 429 832 ex
443 775 488 832 his
502 775 650 844 aedificiis,
660 793 736 852 quae
746 785 827 833 trans
840 776 946 835 flumen
961 777 1128 850 habuerant,
1143 782 1162 836 b

136 867 389 944 demigraverant3
412 875 449 934 et,
465 865 508 923 cis
523 864 660 923 Rhenum
674 865 817 941 dispositis
832 865 991 943 praesidiis,
1008 867 1129 928 Gernta.

136 975 186 1014 nos
205 956 331 1014 transire
353 955 552 1032 prohibebant.
595 953 651 1024 Illi,
666 955 764 1015 omnis
784 957 904 1032 experti,
919 974 1010 1033 quum
1034 975 1129 1036 neque

138 1046 165 1102 vi
178 1045 352 1102 contendere
374 1053 488 1125 propter
501 1043 627 1121 inopiam
648 1045 777 1114 navium,
792 1061 888 1122 neque
908 1047 985 1104 clem
1003 1050 1130 1107 transire

136 1146 249 1212 propter
273 1134 420 1194 custodias
443 1132 644 1209 Menapiorum
671 1143 794 1212 possent,
820 1135 925 1192 reverti
950 1153 982 1193 se
1007 1138 1037 1193 in
1061 1156 1130 1195 suas

136 1225 218 1282 sedes
240 1225 432 1302 regionesque
454 1224 687 1296 simulaverunt3
709 1234 738 1282 et
762 1223 852 1281 tridui
877 1225 1129 1302 viamprogressi,
1145 1229 1182 1284 to

137 1333 237 1372 rursus
251 1323 441 1383 reverterunt,
456 1324 542 1388 atque
556 1315 633 1370 omni
648 1313 702 1372 hoc
713 1315 815 1372 itinere
828 1331 886 1370 una
901 1313 984 1372 nocte
998 1316 1129 1390 equitatu

25 1407 26 1466 j
135 1405 274 1476 consecto,
290 1406 396 1462 inscios
409 1405 646 1482 inopinantesque
664 1404 815 1482 Menapios
834 1416 1048 1480 oppresserunt,
1068 1408 1129 1482 qui,

136 1496 170 1554 de
186 1495 400 1556 Gennanorum
414 1495 543 1552 discessu
557 1513 608 1572 per
619 1495 814 1572 exploratores
827 1495 964 1554 certiores
976 1495 1055 1566 lecti,
1067 1500 1129 1555 sine

136 1597 214 1645 metu
228 1598 308 1644 tram
320 1586 456 1644 Rhenum
470 1587 499 1643 in
514 1603 581 1644 suos
596 1586 676 1644 vicos
691 1588 929 1663 remigraverunt.
971 1585 1026 1646 His
1043 1589 1128 1646 iuter·

137 1674 228 1747 fectis,
242 1677 423 1752 navibusque
445 1693 545 1734 eorum
568 1677 725 1752 occupatis,
740 1677 907 1752 priusquam
931 1687 965 1735 ea'
987 1697 1053 1755 pars
1068 1677 1128 1737 Me·
1145 1676 1181 1734 to

136 1767 297 1842 napiorum,
319 1784 395 1841 quae
416 1766 491 1823 citra
512 1764 647 1822 Rhenum
669 1766 767 1840 quieta
787 1767 817 1822 in
839 1767 900 1824 suis
918 1767 1035 1826 sedibus
1057 1779 1128 1839 erat,

135 1857 241 1914 certior
255 1856 346 1926 fieret,
362 1856 470 1912 flumen
485 1856 669 1924 transierunt,
685 1865 771 1930 atque
785 1857 919 1914 omnibus
937 1875 1038 1916 eorum
1052 1859 1129 1917 acdi-

136 1946 210 2004 ficiis
233 1946 392 2022 occupatis,
417 1944 561 2020 reliquam
585 1954 698 2021 partem
729 1945 833 2002 hiemis
859 1965 891 2003 se
915 1964 1015 2006 eorum
1039 1950 1129 2024 copiis

136 2036 283 2094 aluerunt.

175 2125 215 2183 V.
237 2125 293 2184 His
317 2124 352 2184 ds
377 2125 465 2183 rebus
489 2123 597 2182 Caesar
621 2124 726 2182 certior
750 2123 853 2195 iactus,
877 2134 907 2185 et
933 2126 1128 2185 infirmitatem
1142 2127 1182 2184 20

137 2215 289 2274 Gallorum
304 2216 423 2285 veritus,
442 2213 518 2290 quod
541 2222 609 2271 sunt
630 2215 660 2272 in
683 2213 811 2272 consiliis
831 2215 979 2292 capiendis
999 2218 1128 2287 mobiles,

135 2316 165 2364 et
184 2307 266 2364 novis
286 2305 458 2382 plerumque
481 2305 568 2362 rebus
588 2303 711 2374 student,
733 2304 805 2362 nihil
829 2305 873 2364 his
893 2307 1129 2364 committendum

26 2415 27 2452 1
136 2396 321 2453 existimavit.
363 2393 417 2452 Est
440 2404 536 2452 autem
559 2393 613 2451 hoc
634 2393 769 2451 Gallicae
790 2394 1015 2463 consuetudinis,
1037 2397 1079 2452 uti
1101 2405 1130 2452 et

26 2523 27 2542 l
136 2486 269 2554 viatores,
290 2485 377 2542 etiam
400 2484 512 2554 invitos,
534 2483 690 2542 consistere
712 2491 836 2559 cogant3
859 2489 896 2549 et,
917 2480 992 2557 quod
1005 2483 1129 2559 quisque

136 2592 235 2632 eorum
258 2574 294 2631 de
315 2593 431 2650 quaque
454 2590 485 2630 re
508 2571 632 2630 audierit
655 2581 704 2629 snt
725 2569 902 2646 cognoverit,
929 2579 1080 2644 quaerant,
1101 2579 1130 2630 et
1143 2573 1182 2629 25

135 2673 311 2722 mercatores
332 2664 362 2719 in
375 2661 485 2740 oppidis
505 2663 614 2740 vulgus
633 2660 837 2728 circumsistat,
852 2658 1014 2734 quibusque
1034 2677 1070 2716 ex
1086 2679 1128 2717 re·
1202 2735 1207 2742 Ι

135 2754 269 2830 gionibus
290 2753 417 2822 veniant,
439 2771 570 2829 quasque
591 2751 631 2808 ibi
653 2767 699 2808 res
719 2749 915 2826 cognoverint,
937 2751 1129 2825 pronunciare

135 2852 250 2919 cogant.
293 2841 349 2900 His
363 2841 527 2900 rumoribus
543 2843 641 2917 atque'
651 2838 844 2898 auditionibus
859 2840 987 2916 pennoti,
1003 2839 1038 2898 de
1052 2859 1128 2898 sum·

135 2933 189 2990 mis
208 2951 295 3009 saepo
315 2932 402 2990 rebus
415 2931 536 2989 consilia
546 2932 655 2999 ineunt,
666 2947 791 3006 quorum
805 2947 854 2987 eos
868 2949 885 2986 e
900 2931 1020 3008 vestigio
1034 2932 1127 3009 poeni-

135 3031 195 3080 tere
206 3040 326 3080 necesse
340 3031 392 3092 est,
403 3039 494 3098 quum
508 3020 626 3078 incertis
635 3019 800 3079 rumoribus
812 3021 949 3091 serviant,
959 3031 988 3080 et
997 3022 1128 3100 plerique
1141 3024 1180 3084 8⁰

135 3111 171 3169 ad
182 3112 359 3171 voluntatem
372 3129 474 3170 eorum
489 3110 557 3168 ficta
572 3107 770 3186 respondeant.

174 3201 227 3260 Vl.
249 3201 319 3267 Qua
341 3199 550 3259 consuetudine
571 3199 695 3275 cognita,
717 3199 888 3271 caesenae
910 3203 1037 3278 graviori
1052 3203 1128 3260 bello

134 3299 310 3360 occurreret,
325 3290 476 3359 maturius,
491 3305 579 3366 quam
599 3297 760 3359 consuerat,
775 3289 811 3348 ad
825 3292 985 3349 exercitum
1000 3291 1126 3368 proficis-

134 3381 220 3438 citur.
263 3377 308 3438 Eo
321 3397 413 3456 quum
425 3379 558 3447 venisset,
568 3393 612 3446 ea,
622 3395 698 3454 quae
713 3377 773 3437 lore
787 3381 953 3456 suspicatus
966 3391 1038 3448 erat,
1051 3380 1128 3436 iacto

134 3469 287 3547 cognovit;
311 3470 414 3526 missas
435 3467 593 3544 legationes
615 3486 632 3525 a
648 3468 795 3527 nonnullis
814 3469 980 3526 civitatibus
999 3468 1034 3525 ad
1054 3467 1126 3523 Ger·
1141 3471 1180 3538 36

134 3577 243 3629 manos,
267 3559 459 3634 invitatusque
480 3575 537 3627 eos,
563 3557 605 3615 uti
625 3556 661 3615 ab
683 3553 785 3616 Rheno
807 3555 1007 3626 discederentr
1037 3553 1126 3610 omni.

134 3665 217 3724 sque,
231 3666 307 3724 quae
322 3637 521 3726 pcdulassent,
533 3645 571 3704 ab
582 3665 614 3703 se
629 3643 689 3704 iore
704 3655 813 3722 parata.
856 3644 925 3708 Qua
945 3661 995 3717 spe
1010 3639 1126 3698 adducti

134 3735 275 3796 Germani
297 3736 385 3796 latius
406 3737 468 3814 jam
489 3735 678 3813 vagabantur,
702 3745 732 3792 et
753 3735 783 3789 in
805 3732 879 3788 fines
906 3729 1077 3786 Eburonum
1098 3739 1126 3787 et

133 3825 349 3886 Coudmscrum
375 3827 426 3902 qui
453 3834 520 3885 sunt
548 3823 738 3881 Trevirorum
766 3820 894 3886 clientes,
917 3828 1124 3893 pervenerant.
