2826 4336
192 319 252 380 18⁸
543 321 859 372 cassamentum
1083 317 1233 370 [crare-ro.

242 473 315 521 rent.
358 461 441 520 Haec
455 459 557 518 eadem
571 457 787 516 centurionibus
804 456 983 532 tribunisque
1008 454 1133 512 militum
1153 473 1232 512 man-

241 551 355 620 dabant,
371 561 402 608 ut
417 568 467 628 per
481 569 530 608 eos
544 548 579 606 ad
593 547 749 606 Caesarem
764 545 954 604 deferrentur.

282 639 392 698 XVIII.
415 639 516 706 Quum
539 639 599 712 jam
613 654 702 712 muro,
709 647 804 693 turres
818 635 1101 711 appropmquassent,
1116 653 1152 692 ex
1166 653 1232 709 cap·

241 729 308 788 tivis
333 730 443 788 Caesar
468 729 611 804 cognovit,
636 725 906 802 Vercingetorigem
933 733 1102 799 consumpto
1129 723 1233 798 pabulo

210 830 338 884 ceastre
351 820 473 878 movisse
488 818 604 894 propius
619 816 791 883 Avaricum,
807 823 893 888 atque
914 813 1008 889 ipsum
1023 831 1091 870 cum
1105 813 1235 888 equitatu

242 910 447 985 expeditisque,
462 909 512 984 qui
526 909 601 964 inter
622 905 733 982 equites
754 904 887 980 proeliari
910 912 1104 970 consuessent,
1119 901 1234 958 insidia·

243 1014 309 1054 rum
322 1017 413 1056 causa
427 1017 460 1054 co
475 994 644 1073 profectum,
659 1013 717 1070 quo
731 1002 841 1049 nostros
861 1002 972 1068 postero
994 991 1041 1048 die
1066 991 1235 1066 pabulatum

243 1097 378 1144 venturos
400 1087 599 1143 arbitraretur.
640 1081 756 1148 Quibus
777 1081 864 1138 rebus
884 1081 1015 1157 cognitis,
1037 1079 1131 1137 media
1152 1089 1235 1138 nocte

243 1175 356 1232 silentio
380 1173 534 1250 profectus,
560 1173 595 1230 ad
620 1172 744 1228 hostium
768 1180 864 1228 castra
889 1188 973 1226 mane
998 1169 1137 1245 pervenit.
1179 1167 1234 1238 Illi,

194 1263 377 1328 loceleriter
399 1281 450 1340 per
472 1263 665 1339 exploratores
690 1259 815 1318 adventu
837 1258 972 1316 Caesaris
994 1259 1116 1336 cognito,
1138 1276 1236 1316 carros

243 1353 503 1430 impedimentaque
532 1370 586 1412 sua
610 1352 639 1408 in
668 1335 789 1406 artior'es
816 1349 904 1408 silvas
933 1347 1111 1417 abdiderunt,
1140 1349 1236 1422 copias

242 1461 343 1500 omnes
370 1443 400 1498 in
427 1441 490 1499 loco
518 1450 616 1517 aperto
643 1449 729 1514 atque
758 1438 832 1496 edito
859 1439 1067 1494 instruxerunt.
1109 1435 1236 1502 Qua-re

243 1533 391 1600 nunciata,
414 1530 523 1589 Caesar
545 1529 678 1587 celeriter
700 1529 831 1586 sarcinas
851 1526 985 1596 conferri,
1009 1544 1090 1585 arma
1108 1524 1236 1601 expediri

245 1618 341 1692 jussit.
1016 1618 1026 1633 “

195 1707 230 1760 15
285 1705 365 1764 ΧΙΧ.
392 1707 481 1767 Collis
507 1715 569 1762 crat
597 1704 700 1762 leniter
728 1704 765 1762 ab
792 1705 891 1762 infimo
919 1704 1058 1762 acoIIvis:
1094 1704 1171 1760 hunc
1199 1721 1236 1760 ex

243 1795 376 1852 omuibus
391 1794 456 1852 fere
467 1795 596 1870 partibus
610 1793 693 1870 palus
707 1793 834 1852 difficilis
848 1804 935 1869 atque
947 1793 1082 1871 impedita
1092 1793 1235 1869 cingebat,

243 1901 300 1940 non
324 1883 408 1940 latior
431 1883 552 1958 pedibus
577 1901 604 1940 r..
648 1882 713 1940 Hoc
737 1903 769 1940 se
794 1883 878 1953 colle,
904 1884 1072 1960 interruptis
1095 1882 1235 1958 pontibus,

245 1970 325 2028 Galli
352 1971 458 2028 fiducia
486 1970 542 2029 loci
570 1972 762 2041 continebant,
790 1974 1009 2048 generatImqus
1036 1971 1178 2028 distributi
1206 1971 1236 2029 in

244 2061 383 2132 civitates,
398 2061 494 2118 omnia
508 2061 583 2118 vada
604 2081 639 2119 ac
659 2061 751 2120 saltus
771 2062 835 2138 ejus
858 2060 972 2138 paludis
993 2062 1081 2119 certis
1101 2059 1237 2118 custodiis

192 2151 232 2206 20
244 2150 418 2220 obtinebant,
438 2150 481 2208 sic
502 2152 597 2208 animo
618 2153 719 2227 parati,
742 2161 782 2221 ut,
808 2153 832 2210 si
856 2171 922 2224 eam
949 2151 1084 2229 paludem
1113 2149 1237 2209 Romani

244 2257 429 2317 perrumpere
443 2251 627 2310 conarentur,
642 2241 816 2298 haesitantes
830 2250 994 2317 premerent
1013 2260 1049 2298 err
1070 2241 1134 2298 loco
1153 2259 1236 2315 supe·

244 2330 338 2387 riore:
367 2339 408 2398 ut,
433 2330 483 2404 qui
511 2331 750 2406 propinquitatem
777 2329 834 2388 loci
862 2330 981 2400 videret,
1008 2339 1124 2405 paratos
1151 2347 1237 2404 prope

244 2437 338 2496 aequo
361 2418 456 2476 Marte
481 2418 517 2476 ad
541 2418 737 2476 dimicandum
761 2420 957 2491 existImaret3
983 2419 1033 2494 qui
1057 2418 1237 2493 imquitatem

244 2509 415 2567 conditionis
439 2503 623 2585 perspiceret,
638 2508 717 2564 inani
738 2507 921 2565 simulatione
938 2526 1001 2565 sese
1015 2516 1157 2564 ostentare
1172 2525 1237 2583 cog·

192 2603 232 2658 25
245 2607 386 2660 nosceret.
421 2596 607 2676 Indignantes
621 2597 726 2654 milites
736 2596 853 2666 Caesar,
865 2596 940 2671 quod
951 2605 1138 2672 conspectum
1151 2613 1238 2652 suum

245 2687 340 2744 hostes
354 2687 430 2745 ferre
444 2696 566 2762 possent,
577 2684 687 2743 tantulo
697 2686 788 2761 spatio
801 2685 961 2760 interjecto,
969 2683 996 2742 e't
1007 2685 1122 2762 signum
1137 2684 1239 2761 proelii

245 2786 441 2851 exposcentes,
469 2775 577 2845 edocet,
605 2774 724 2840 Quanto
751 2775 929 2844 detrimento,
957 2783 986 2830 et
1013 2783 1082 2848 quot
1110 2774 1238 2834 virorum

246 2862 362 2919 fortium
383 2873 472 2920 morte
486 2883 605 2921 necesse
620 2865 656 2920 sit
670 2873 801 2920 constare
815 2863 983 2920 victoriam:
1005 2881 1077 2937 quos
1091 2881 1181 2938 quum
1196 2863 1239 2920 sic

246 2950 341 3006 animo
364 2959 477 3024 paratos
497 2951 602 3020 videat,
624 2960 656 3010 nt
677 2952 792 3009 nullum
814 2969 867 3028 pro
887 2970 941 3008 sua
965 2950 1051 3008 laude
1075 2950 1238 3026 periculum

195 3041 233 3098 30
246 3047 389 3105 recusent,
399 3055 530 3094 summae
541 3059 572 3096 se
581 3041 739 3115 iniquitatis
752 3040 937 3100 condemnari
949 3039 1061 3109 debere,
1072 3040 1127 3096 nisi
1137 3057 1239 3096 eorum

246 3125 335 3180 vitam
358 3142 411 3180 rua
435 3123 528 3181 salute
549 3126 653 3183 habeat
673 3130 826 3186 cariorem.
868 3128 918 3186 Sic
939 3127 1044 3186 milites
1064 3128 1238 3198 consolatus,

246 3211 345 3270 eodem
359 3213 405 3269 die
419 3211 531 3270 reducit
545 3214 574 3269 iu
589 3224 702 3288 castra;
726 3217 847 3292 reliqua,
858 3235 934 3293 quae
949 3216 983 3274 ad
998 3217 1240 3293 oppugnationem

245 3301 340 3379 oppidi
354 3300 541 3377 pertinebant,
554 3301 754 3362 administrare
768 3306 900 3364 instituit.

287 3391 353 3450 XX.
376 3389 607 3466 Vercingetorix,
622 3409 713 3465 quum
728 3391 763 3448 ad
778 3411 846 3450 suos
867 3394 995 3464 redisset,
1011 3393 1176 3470 proditionis
1196 3395 1239 3452 in·

195 3485 233 3540 35
246 3481 407 3550 simulatus,
421 3479 497 3555 quod
511 3489 606 3536 castra
629 3481 745 3555 propius
762 3481 908 3541 Romanos
922 3485 1065 3553 movisset,
1080 3483 1155 3559 quod
1170 3502 1240 3541 cum

245 3573 323 3628 omni
344 3570 474 3646 equitatu
496 3569 681 3638 discessisset,
703 3570 778 3645 quod
799 3572 862 3629 sine
884 3574 1005 3649 imperio
1026 3583 1120 3630 tantas
1141 3573 1241 3650 copias

246 3659 417 3736 reliquisset,
432 3659 507 3734 quod
522 3660 592 3734 ejus
599 3659 728 3718 discessu
743 3660 868 3718 Romani
888 3672 968 3720 tanta
981 3663 1190 3738 opportunitate
1211 3673 1241 3722 et

246 3749 393 3805 celeritate
402 3750 565 3820 venissent3
581 3767 638 3806 non
652 3749 725 3820 haec
739 3750 833 3806 omnia
850 3747 965 3808 fortuito
979 3762 1029 3807 ant
1043 3751 1106 3808 sine
1119 3751 1242 3810 consilio

247 3835 379 3892 accidere
395 3837 539 3911 potuisse3
555 3855 678 3914 regnum
692 3837 776 3895 illum
791 3835 907 3895 Galliae
921 3838 1009 3896 malle
1023 3837 1158 3898 Caesaris
1171 3857 1239 3898 con·
