2830 4326
217 303 258 358 '74
575 307 618 356 as
630 309 735 354 senno
747 307 890 354 uitrico
1080 293 1082 296 ’
1103 307 1256 361 [omnm.

267 447 379 504 amIcus
394 447 430 504 ab
443 455 545 504 senatu
559 453 655 502 nostro
674 444 844 519 appellatus.
887 441 954 512 Hic,
969 460 1060 518 quum
1075 441 1156 500 fratri
1170 445 1256 502 inter-

265 535 348 592 cluso
363 536 398 592 ah
412 533 540 590 hostibus
560 533 704 590 auinIum
719 529 815 602 serret,
831 530 915 587 illum
932 549 968 587 ex
984 531 1255 606 periculo-eripuit:

266 624 327 699 ipse
339 641 414 697 equo
429 622 578 680 vulnerato
592 621 729 694 dejectus,
744 619 837 695 quoad
852 621 951 696 potuit,
969 619 1119 676 fortissime
1141 621 1253 677 restitit.

265 711 367 777 Quum
385 711 611 778 elroumventus,
627 710 725 766 multis
743 709 914 766 vulneribus
936 709 1071 784 acceptis,
1093 709 1254 778 cecidisset,

235 807 253 858 5
267 809 352 875 atque
365 799 394 855 id
404 798 501 868 freter,
517 799 634 874 quijam
649 798 757 873 proelio
766 807 939 866 excesserat,
955 797 1054 873 procul
1067 798 1194 854 animum
1206 798 1254 854 ad-

265 889 404 957 vertisset,
414 887 532 944 incitato
541 905 615 962 equo
626 905 656 944 se
668 887 795 944 hostibus
805 886 916 958 obtulit,
929 896 1013 960 atque
1023 885 1191 944 interiectus
1199 897 1253 944 est.

305 975 385 1032 XIII.
412 975 478 1033 Hoc
503 975 578 1034 fecto
602 975 718 1052 proelio,
739 973 849 1032 Caesar
869 993 964 1050 neque
986 976 1047 1050 jam
1068 975 1122 1031 sibi
1146 976 1257 1051 legatos

265 1063 431 1134 audiendos,
447 1083 542 1140 neque
556 1065 732 1122 conditiones
746 1063 929 1140 accipiendas
943 1063 1136 1121 arbitrabatur
1151 1065 1187 1121 ab
1201 1064 1255 1133 his,

265 1153 316 1228 qui
330 1171 381 1230 per
395 1153 493 1212 dolum
515 1164 601 1230 atque
616 1154 743 1222 insidias,
759 1155 846 1229 petita
868 1171 948 1228 pace,
964 1153 1038 1211 ultro
1059 1153 1169 1210 bellurn
1182 1154 1256 1210 intu-

216 1243 253 1298 10
266 1241 382 1300 iissent:
414 1253 582 1319 exspectare
607 1262 684 1312 vero,
709 1243 779 1301 dum
805 1244 929 1300 hostium
954 1243 1054 1319 copiae
1080 1252 1257 1320 augerentur

265 1333 468 1407 equitatusque
484 1343 686 1402 reverteretur,
699 1351 829 1390 summae
840 1332 1001 1389 dementiae
1016 1351 1078 1388 esse
1090 1331 1255 1406 judicabat:

266 1430 303 1489 et,
316 1421 431 1497 cognita
443 1421 595 1478 Gallorum
605 1423 782 1492 infirmitate,
794 1430 934 1498 quantum
946 1420 1008 1495 jam
1019 1420 1094 1495 apud
1104 1439 1153 1476 eos
1163 1421 1258 1476 hostes

267 1525 324 1564 uno
338 1509 445 1582 proelio
455 1511 634 1567 auctoritatis
647 1521 743 1566 essent
756 1510 912 1578 consecuti,
928 1509 1088 1566 sentiebat:
1102 1509 1206 1584 quibus
1221 1507 1257 1564 ad
1327 1585 1330 1591 Ι

265 1595 385 1650 consilia
399 1596 540 1669 capienda
553 1596 625 1653 nihil
640 1599 725 1672 spatii
739 1597 865 1653 dandum
886 1596 1077 1652 existimabat.
1120 1595 1176 1652 His
1190 1613 1257 1652 con-

217 1681 253 1733 15
266 1679 370 1733 stitutis
384 1681 480 1749 rebus,
496 1692 525 1738 et
539 1683 658 1740 consilio
677 1703 746 1740 cum
759 1685 863 1758 legetis
882 1692 910 1740 et
923 1692 1076 1757 quaestore
1096 1685 1256 1740 communi·
1317 1731 1328 1750 ,

265 1771 338 1830 cato,
353 1781 390 1819 ne
411 1785 498 1839 quem
517 1770 593 1825 diem
614 1788 729 1844 pugnae
750 1770 1000 1844 praetermitteret,
1016 1771 1278 1847 opportunissime»

266 1867 312 1906 res
326 1851 439 1919 accidit,
455 1855 529 1927 quod
545 1856 678 1929 postridie
699 1857 763 1930 ejus
784 1857 841 1914 diei
860 1875 955 1926 mane,
970 1856 1072 1914 eadem
1085 1867 1114 1914 et
1135 1859 1258 1934 perfidia

265 1945 294 1992 et
307 1935 488 1997 simulatione
504 1943 549 1998 usi
571 1943 721 2012 Germani,
737 1943 913 2020 frequentes,
928 1946 1062 2002 omnibus
1076 1947 1258 2023 priucipibus

265 2023 479 2096 majoribusque
501 2039 571 2086 natu
597 2030 739 2102 adhibitis,
762 2033 798 2089 ad
822 2051 890 2090 eum
915 2034 945 2090 In
968 2044 1066 2091 eastre
1090 2048 1233 2095 venerunt
1245 2059 1255 2110 3

216 2117 255 2172 20
265 2109 361 2178 simul,
377 2118 409 2166 ut
422 2108 579 2188 dicebatur,
594 2119 640 2176 sui
661 2120 803 2198 purgandi
825 2141 924 2192 causa,
946 2122 1022 2197 quod
1033 2133 1152 2194 ¹contra,
1169 2136 1257 2202 atque

265 2207 340 2256 esset
353 2197 462 2255 dietum
483 2207 512 2255 et
525 2203 577 2272 ipsi
591 2209 735 2282 petissent,
754 2210 896 2286 proelium
919 2212 1011 2286 pridie
1023 2214 1232 2272 commisissent
1244 2236 1254 2288 3

265 2285 351 2342 Simul
370 2295 410 2355 uh
426 2287 451 2343 Sl
473 2287 542 2362 quid
563 2305 681 2366 ptasent,
705 2298 740 2355 de
762 2299 888 2356 iuduciis
909 2299 1254 2378 fallendo'impetrarent.

264 2373 348 2438 Quos
367 2375 421 2432 ibi
442 2375 552 2434 Caesar
574 2376 685 2434 oblatos
702 2389 829 2462 gavisus,
845 2388 910 2446 illos
930 2391 1048 2447 retineri
1066 2391 1171 2467 jussit3
1195 2393 1256 2467 ipse

265 2481 364 2521 omnes
378 2465 476 2544 copias
490 2466 592 2523 castris
606 2465 715 2537 eduxit,
725 2478 949 2553 equitatumque,
960 2479 1036 2554 quud
1051 2481 1161 2538 ruueuti
1175 2499 1255 2557 prou.

213 2559 253 2614 25
265 2553 304 2611 lio
318 2556 501 2629 perterritum
515 2574 579 2612 esse
593 2556 784 2627 existimabat,
800 2583 902 2635 agmen
917 2568 1055 2644 subsequi
1066 2569 1164 2644 jussit.

307 2643 388 2701 XIV.
413 2646 488 2703 Acie
497 2645 604 2719 triplici
619 2645 768 2716 instructo,
778 2659 807 2705 et
816 2651 947 2713 celeriter
955 2676 1011 2716 vm
1020 2660 1144 2716 millimn
1152 2659 1255 2718 itinere

264 2731 404 2802 confecto,
420 2735 499 2810 prius
513 2734 549 2790 ad
563 2735 687 2791 hostium
701 2747 797 2793 castra
812 2747 949 2811 pervenit,
960 2765 1056 2819 quam,
1071 2748 1140 2822 quid
1155 2767 1255 2824 agere-

264 2829 321 2889 tur,
345 2821 485 2878 Germani
509 2824 616 2880 sentire
639 2834 763 2899 possent.
805 2826 875 2896 Qui,
901 2833 1032 2888 omnibus
1052 2837 1138 2892 rebus
1161 2837 1257 2895 subito
1311 2871 1313 2876 ·

265 2909 418 2981 perterriti,
433 2918 461 2964 et
483 2908 632 2966 celeritate
655 2913 796 2970 adventus
817 2917 914 2984 nostri,
930 2925 957 2973 et
978 2919 1106 2977 discessu
1125 2942 1255 2997 suorum,

213 2995 253 3050 30
265 3011 359 3068 neque
374 2995 487 3050 consilii
501 2996 634 3066 habendi,
645 3017 739 3074 neque
757 3021 838 3060 arma
849 3005 981 3078 capiendi
996 3007 1086 3081 spatio
1102 3008 1176 3079 dato,
1191 3031 1255 3088 per.

265 3081 427 3149 turbantur,
442 3084 577 3157 copiasne
593 3086 733 3145 adversus
754 3091 864 3148 hostem
885 3091 1018 3163 educere,
1034 3111 1071 3149 an
1091 3106 1187 3153 castra
1205 3101 1255 3160 de.

265 3167 392 3237 sendere,
408 3187 445 3225 an
467 3169 537 3246 fuga
550 3173 674 3231 salutem
689 3189 794 3251 petere,
815 3191 982 3256 praestaret.
1023 3182 1157 3248 Quorum
1171 3187 1257 3248 tirnor

264 3273 355 3330 quum
370 3255 486 3314 fremitu
500 3270 529 3315 et
550 3279 694 3321 concursu
709 3267 934 3342 significaretur,
951 3271 1055 3328 milites
1069 3275 1168 3343 nostri,
1184 3278 1256 3350 pris.

263 3344 316 3401 tini
330 3343 387 3402 diei
401 3347 521 3420 perfidia
535 3349 655 3420 incitatI,
671 3353 700 3408 in
712 3366 807 3413 castre
818 3359 996 3434 irruperunt.
1039 3360 1107 3425 Quo
1122 3363 1195 3434 loco,
1205 3368 1257 3440 qui

212 3435 251 3492 35
264 3433 398 3492 celeriter
412 3453 494 3492 arma
507 3455 613 3513 capere
628 3451 790 3515 potuerunt,
802 3447 950 3522 paulisper
960 3450 1065 3507 nostris
1079 3452 1255 3525 restiterunt,

264 3531 350 3598 atque
372 3523 447 3580 inter
460 3543 559 3582 carros
579 3527 841 3607 impedImentaque
863 3537 1007 3610 proelium
1030 3543 1254 3603 commiserunt:

263 3611 419 3686 etreliqua
433 3612 586 3672 multitudo
594 3634 749 3691 puerorum
761 3622 975 3700 multerumque
988 3626 1070 3704 (nam
1084 3647 1153 3686 oum
1164 3633 1253 3690 omni-

263 3699 318 3760 bus
339 3702 400 3758 suis
420 3700 504 3760 domo
525 3716 710 3764 excesserant
731 3707 924 3787 Rhenumque
945 3717 1133 3792 trsnsIerant)
1147 3721 1255 3794 passim

264 3783 366 3888 digere
379 3791 492 3879 coepit;
515 3793 551 3852 ad
565 3813 637 3872 quos
651 3799 857 3859 consectandos
870 3800 981 3860 Caesar
991 3805 1152 3878 equitatum
1164 3809 1253 3868 misit.
