2826 4336
160 299 317 357 carere]
350 257 359 278 ⁶
567 301 665 354 LIBER
681 303 812 357 sumta
1150 305 1210 364 11⁷

160 439 386 518 intelligebatur,
401 441 433 512 ii,
446 442 497 518 qui
512 451 634 520 ,propter
654 455 768 503 veteres
786 445 953 509 inimisitius
972 449 1054 508 nullo
1074 451 1157 510 modo

160 547 229 587 cum
244 529 360 589 Aeduis
372 531 511 608 conjungi
526 541 664 608 poterent,
680 553 711 592 se
725 535 827 594 Remis
847 537 878 594 in
898 535 1063 598 clientelam
1077 541 1154 600 dice·

161 619 239 678 bunt
280 619 344 677 Hos
356 619 400 677 illi
413 620 567 696 diligenter
580 623 745 681 tuebuntur.
786 623 831 684 Ito
843 635 872 684 et
884 645 989 684 novem
999 639 1155 705 strepente

161 709 313 774 collectum
336 711 537 768 auctoritatem
557 712 703 770 tenebunt.
745 712 791 772 Eo
808 725 871 774 tum
884 725 961 775 stetu
974 735 1023 776 ree
1036 729 1107 790 eret,
1123 730 1155 778 ut

161 797 246 875 longe
259 798 405 875 principes
418 799 595 860 haberentur
608 801 716 872 Aedui,
727 803 889 864 mundum
898 807 996 866 locum
1006 806 1186 886 diguitatisfi

161 886 247 944 Remi
260 888 432 946 obtinerent.

172 975 282 1034 ·.XIII
304 975 338 1034 Iu
362 979 440 1034 omni
466 976 564 1037 Gellia
588 997 689 1038 eorum
712 981 871 1054 homiuum,
894 986 946 1060 qui
969 945 1067 1062 eliquo
1086 999 1154 1048 sunt

158 1081 280 1124 ornnem
294 1076 382 1142 etque
399 1068 518 1139 honore,
534 1087 643 1145 genere
662 1081 730 1130 eunt
751 1071 828 1131 duo:
851 1091 920 1132 nem
941 1075 1039 1152 plebes
1060 1096 1152 1153 poeno

158 1173 310 1214 servorum
324 1157 449 1218 hebetur
461 1157 533 1228 loco,
551 1177 627 1235 quse
641 1178 693 1236 por
706 1180 738 1217 ee
758 1161 831 1220 nihil
846 1163 941 1233 nudet,
961 1174 991 1222 et
1007 1165 1089 1224 nullo
1103 1167 1152 1223 ed·

158 1247 275 1304 hibetur
288 1248 417 1306 consilio.
459 1247 604 1324 Plerique,
619 1268 710 1326 quum
732 1260 783 1308 eut
796 1269 864 1310 nere
884 1251 987 1322 alieno,
1002 1264 1053 1311 eut
1073 1273 1151 1330 meg·
1167 1267 1204 1322 ιο

158 1337 289 1394 nitudine
303 1338 484 1408 tributorum,
501 1348 553 1396 eut
567 1339 676 1416 injurie
689 1340 880 1414 potentiorum
894 1352 1074 1416 premuntur,
1088 1361 1152 1400 sese

157 1426 188 1482 in
212 1428 382 1484 servitutem
402 1427 501 1486 dicem
524 1427 688 1486 nobilibus:
709 1429 740 1484 in
764 1428 816 1486 hoe
840 1429 941 1486 eedem
965 1431 1153 1502 omniserunt

155 1516 234 1592 jure,
248 1532 324 1592 quee
338 1516 460 1574 dominis
473 1519 503 1574 in
518 1537 626 1576 servos.
668 1517 727 1576 Sed
741 1517 776 1575 de
798 1517 843 1575 his
862 1517 977 1576 duobus
995 1521 1152 1596 generibus

158 1606 283 1664 alterum
301 1617 345 1665 est
358 1605 514 1677 Druidum,
536 1607 661 1665 alterum
684 1606 836 1682 Equitum.
878 1607 925 1665 Illi
946 1607 1033 1666 rebus
1047 1607 1153 1670 divinis

157 1695 308 1767 intereunt,
323 1695 470 1754 sacrificis
484 1697 601 1771 publiea
622 1715 657 1754 ec
679 1697 794 1774 privetu
814 1708 980 1774 procurent,
995 1698 1151 1775 religiones
1165 1711 1202 1766 15
1241 1707 1244 1714 '

156 1786 392 1861 interpretentur.
435 1785 483 1842 Ad
497 1787 549 1844 hoe
561 1803 687 1864 mugnus
701 1786 927 1846 edolesceutium
941 1805 1081 1846 numerus
1094 1788 1150 1846 dle·

155 1875 282 1950 eiplinee
296 1895 387 1934 neuen
401 1877 558 1945 concurrit,
579 1893 742 1952 magnoque
761 1877 783 1934 ii
797 1886 865 1935 suut
878 1878 954 1953 opud
967 1897 1018 1936 eos
1031 1878 1148 1936 honore.

156 1964 237 2022 Nem
251 1964 312 2024 iere
324 1965 360 2024 de
378 1967 512 2024 omnibus
532 1967 734 2026 controversiis
749 1966 873 2042 publicis
887 1967 1064 2043 privatisque
1081 1986 1148 2030 cou-

155 2055 296 2127 stituun13
319 2065 357 2126 et,
371 2057 396 2114 ei
410 2056 487 2131 quod
501 2065 544 2114 eet
557 2055 717 2114 edmiseum
732 2053 854 2126 focinus,
869 2057 894 2114 si
908 2057 1013 2116 credes
1027 2055 1112 2127 inme,
1124 2057 1149 2114 si

155 2145 192 2204 de
206 2146 391 2217 haereditate,
399 2147 425 2204 si
434 2145 469 2204 de
484 2145 592 2204 linibus
602 2146 797 2204 eoutreversie
810 2155 862 2215 eet,
872 2145 958 2204 iidem
967 2147 1129 2204 decernunt
1137 2165 1146 2219 ;
1161 2161 1202 2218 go

156 2235 286 2311 praemis
299 2253 462 2312 poenoeque
484 2235 682 2293 constituunt:
702 2235 728 2292 si
741 2235 792 2310 qui
806 2245 857 2294 sut
870 2236 1000 2311 privatus
1013 2246 1064 2295 eut
1078 2237 1148 2311 pub-

155 2325 232 2384 licus
245 2343 345 2384 eorum
359 2327 475 2384 decreto
488 2345 546 2386 non
565 2327 651 2396 stetit,
666 2325 819 2384 sacrifieiis
839 2324 1024 2392 interdicunt.
1065 2325 1150 2386 Heec

155 2435 248 2492 ροοιιι
262 2416 338 2492 opud
357 2435 407 2473 eos
421 2426 465 2473 est
484 2417 668 2493 gravissime.
709 2415 827 2480 Quibus
841 2415 881 2472 ite
897 2423 940 2470 eet
953 2413 1148 2484 interdictum,

61 2583 63 2587 Ι
154 2507 175 2562 ii
197 2523 319 2563 numero
340 2506 494 2581 impiorum
517 2523 553 2563 ec
575 2505 782 2564 sceleratorum
804 2503 948 2561 habentur
960 2521 969 2573 ;
992 2502 1029 2558 iis
1050 2521 1149 2560 omnes

154 2595 307 2664 decedunt,
323 2595 432 2653 editum
446 2613 547 2652 eorum
561 2611 781 2668 sermonemque
801 2590 963 2668 defugiunt,
978 2590 1097 2666 nequid
1112 2610 1149 2651 ex
1162 2607 1201 2662 25

153 2685 325 2762 contagione
349 2685 525 2742 incommodi
547 2684 709 2760 accipient:
739 2701 835 2758 neque
859 2681 895 2740 iis
919 2680 1079 2755 petentibus
1100 2679 1149 2755 jue

155 2775 292 2843 redditur,
307 2793 402 2850 neque
416 2773 506 2832 honos
524 2773 603 2833 ullus
625 2774 867 2834 communicetur.
909 2769 965 2828 His
979 2779 1076 2828 eutem
1090 2788 1149 2828 om-

154 2865 240 2922 nibus
253 2863 413 2922 Druidibus
434 2873 547 2940 praeest
568 2881 653 2932 unrrs,
674 2863 725 2938 qui
745 2879 891 2920 summum
905 2861 1042 2919 intereos
1064 2861 1149 2920 hebet

154 2954 365 3012 suctoritetem.
407 2953 473 3012 Hoc
498 2963 618 3023 mortuo,
637 2953 727 3027 siqui
740 2969 777 3009 ex
792 2951 912 3028 reliquie
925 2951 1043 3010 excellit
1057 2951 1148 3028 digni-

154 3053 220 3113 tate,
235 3043 384 3102 succedit:
407 3053 458 3102 eut
478 3043 504 3100 ei
526 3053 594 3100 suut
615 3042 714 3118 plures
736 3059 829 3118 peres,
844 3040 983 3118 suffrngio
1002 3039 1148 3100 Druidum
1162 3057 1201 3114 30

154 3133 301 3212 deligitur,
316 3151 523 3210 nonnunquam
537 3133 630 3190 etiem
637 3131 725 3188 ermis
736 3131 772 3188 de
787 3131 948 3208 principatu
963 3131 1148 3190 contendunt.

156 3221 196 3280 Hi
207 3233 286 3282 certo
300 3225 369 3280 enni
380 3233 509 3298 tempore
523 3223 554 3277 in
567 3221 674 3278 linibus
687 3219 860 3290 Cemutum,
874 3239 949 3296 quae
970 3219 1050 3298 regio
1063 3221 1150 3278 totius

156 3311 271 3370 Gelliee
292 3313 388 3370 modin
409 3312 541 3379 hebetur,
556 3309 709 3368 considunt
722 3311 753 3366 in
773 3310 836 3368 loco
856 3321 1036 3368 consecrato.
1079 3309 1150 3368 Huc

155 3421 254 3460 omnes
268 3403 405 3478 undique,
421 3403 471 3477 qui
486 3401 695 3461 controversias
709 3400 825 3470 hubent,
834 3401 1020 3467 conveniunt,
1036 3415 1149 3456 eorum.

155 3509 211 3568 que
233 3493 353 3569 judiciis
376 3492 560 3567 decretisque
587 3499 698 3567 petent.
751 3490 914 3566 Disciplina
941 3490 972 3544 iu
998 3487 1150 3548 Britannis
1163 3501 1202 3556 35

155 3594 278 3659 reperte,
293 3591 379 3659 etque
393 3582 482 3640 inde
474 3600 506 3638 ιιι
520 3579 648 3639 Gellium
662 3579 803 3638 translate
822 3594 886 3638 esse
900 3576 1099 3634 existimetur.
1121 3583 1150 3632 et

154 3689 308 3747 nunc,qu1
299 3672 490 3748 diligentius
503 3689 569 3733 cem
582 3687 644 3728 rem
665 3685 842 3744 cognoscere
854 3664 963 3730 volunt,
978 3661 1150 3736 plerumque

155 3759 206 3817 illo
220 3759 349 3820 discendi
362 3779 454 3818 cause
468 3758 702 3836 proficiscuntur.

197 3848 279 3907 XIV.
302 3847 429 3908 Druides
452 3868 472 3908 e
494 3847 571 3908 bello
595 3847 696 3906 abesse
719 3849 904 3910 consuerunt,
926 3851 1021 3910 neque
1042 3837 1150 3903 tribute
