2844 4340
169 267 235 330 -106
526 277 570 324 uu
593 274 698 325 uuum
715 277 859 326 caturco
1062 279 1213 332 [ome-rr.

262 413 370 474 XLIX.
394 413 483 485 Galli,
499 433 531 473 rs
549 417 663 493 cognita
684 433 735 492 per
754 415 958 493 exploratores,
973 414 1147 474 obsidionem
1167 433 1212 474 re-

222 506 365 584 linquunt,
381 507 417 564 ad
431 505 587 564 Caesarem
599 507 732 565 omuibus
745 507 836 582 copiis
848 505 1041 579 contendunt3
1064 525 1115 564 eae
1128 516 1212 566 erant
1295 510 1298 516 '

221 609 398 658 armatorum
412 598 529 658 circiter
542 597 634 656 millia
648 617 696 657 ux.
731 597 842 666 Cicero,
854 595 921 655 data
932 596 1078 667 facultate,
1090 596 1211 657 Gallum

170 735 172 738 .
222 690 380 748 abeodem
402 687 568 758 Verticone,
589 705 676 765 quem
699 703 787 764 supra
807 687 1077 758 demonstravimus,
1098 688 1210 764 repetit,

189 780 272 855 equi
293 781 390 838 literas
409 779 445 836 ad
464 779 621 838 Caesarem
642 777 768 836 referat:
793 778 872 835 huno
892 777 1033 847 admonet,
1053 777 1107 834 iter
1126 786 1212 836 caute

222 868 432 943 diligenterque
447 867 554 927 saciat:
576 869 729 946 perscribit
742 869 772 926 in
786 867 885 938 literis,
898 865 1003 925 Hostes
1014 867 1050 924 ab
1060 885 1091 925 se
1105 866 1211 924 disces·

221 956 302 1025 sisse,
316 973 488 1033 omnemque
503 959 621 1016 adeum
636 957 849 1016 multitudinem
867 959 1053 1015 convertisse.
1095 955 1212 1021 Quibus

221 1041 313 1104 literis
327 1047 444 1105 circiter
458 1049 553 1106 media
566 1041 649 1108 nocte
665 1048 769 1118 allatis,
780 1047 891 1106 Caesar
900 1065 967 1106 suos
981 1046 1050 1104 lacit
1064 1046 1210 1114 certiores,

221 1153 329 1212 eosque
351 1136 386 1194 ad
407 1137 605 1196 dimicandum
626 1139 722 1197 animo
743 1137 911 1196 confirmat:
938 1145 1048 1215 postero
1068 1135 1123 1206 die,
1144 1135 1211 1192 luce

168 1227 208 1290 to
222 1227 324 1304 prima,
339 1238 434 1286 movet
454 1238 560 1298 castra,
574 1238 603 1286 et
617 1230 735 1289 circiter
749 1229 843 1286 millia
857 1245 996 1305 passuum
1011 1236 1135 1303 quatuor
1148 1241 1211 1303 pro·

220 1332 347 1394 gressus,
357 1327 436 1378 trans
445 1319 552 1377 vallem
563 1337 699 1397 magnam
711 1328 740 1378 ct
751 1319 856 1388 rivum,
866 1317 1078 1376 multitudinem
1090 1317 1212 1374 hostium

221 1409 413 1484 conspicatur.
465 1405 537 1466 Erat
563 1409 661 1485 magni
686 1408 808 1484 periculi
833 1426 889 1476 res,
915 1427 984 1465 cum
1011 1409 1100 1465 tantis
1125 1407 1213 1482 copiis

220 1495 318 1570 iniquo
342 1497 406 1555 loco
429 1497 578 1553 dimicare.
620 1495 708 1564 Tum,
731 1497 867 1571 quoniam
890 1495 1045 1553 liberatum
1066 1495 1213 1554 obsidione

219 1581 390 1640 Ciceronem
412 1587 529 1651 sciebat,
545 1601 637 1658 eoque
659 1585 775 1640 omnino
796 1583 999 1640 remittendum
1014 1583 1049 1639 de
1064 1583 1212 1640 celeritate

167 1680 206 1735 15
219 1671 409 1740 existimabat,
424 1671 560 1738 consedit,
575 1681 612 1738 ct,
627 1689 715 1745 quam
734 1671 907 1744 aequissimo
924 1679 1016 1744 potest
1030 1669 1101 1738 loco,
1113 1679 1213 1729 eastra

218 1761 386 1820 communit.
429 1764 528 1836 Atque
547 1761 628 1831 haec,
643 1763 696 1817 etsi
714 1771 796 1818 erent
809 1761 916 1836 exigua
936 1778 987 1836 per
1000 1779 1041 1830 se,
1056 1763 1106 1819 vix
1121 1761 1210 1820 homi.

218 1869 289 1909 num
304 1849 426 1908 millium
440 1869 493 1919 vu,
509 1850 677 1925 praesertim
692 1849 781 1906 nullis
795 1867 864 1907 cum
878 1849 1097 1926 impedimentis,
1112 1861 1211 1911 tamen

219 1936 360 2017 angustiis
374 1938 497 2009 viarum,
513 1955 600 2013 quam
614 1938 741 1996 maxime
756 1949 855 2015 potest,
870 1940 1021 2010 contrahit,
1032 1959 1067 1999 eo
1080 1942 1210 2014 consilio,

218 2031 303 2087 utin
327 2047 470 2087 summam
498 2030 738 2106 contemptionem
767 2029 896 2088 hostibus
920 2031 1028 2088 veniat.
1080 2029 1209 2104 Interim,

165 2127 207 2182 20.
218 2118 447 2194 speculatoribus·
469 2120 498 2176 in
520 2133 620 2177 omnes
641 2129 736 2195 partes
755 2119 890 2192 dimissis,
906 2119 1044 2198 explorat,
1060 2141 1118 2198 quo
1132 2141 1208 2182 com-

217 2209 381 2266 modissimo
394 2207 496 2268 itinere
511 2209 618 2268 vallem
633 2209 759 2268 transire
772 2212 870 2287 possit.

257 2295 293 2356 L.
317 2297 362 2356 Eo
375 2297 431 2370 die,
447 2299 576 2377 parvulis
598 2301 779 2378 equestribus
801 2301 917 2378 proeliis
932 2299 967 2358 ad
989 2321 1095 2378 aquam
1116 2301 1208 2376 factis,

218 2389 334 2467 utrique
349 2407 413 2449 sese
427 2409 479 2448 suo
493 2390 557 2448 loco
568 2391 732 2449 continent:
749 2389 839 2461 Galli,
851 2391 927 2467 quod
938 2393 1092 2469 ampliores
1102 2394 1208 2470 copias,

167 2557 170 2564 γ
216 2499 293 2556 quae
316 2479 443 2538 nondum
465 2491 670 2550 convenerant,
693 2481 898 2557 exspectabant
910 2501 919 2554 ;
949 2481 1068 2553 Caesar,
1090 2484 1114 2540 si
1137 2482 1209 2541 forte

164 2579 203 2638 25
217 2571 327 2629 timoris
339 2571 530 2630 simulatione
551 2571 646 2629 hostes
660 2571 689 2627 in
707 2589 793 2628 suum
814 2571 911 2630 locum
930 2571 1040 2630 elicere
1060 2581 1161 2650 posset,
1177 2581 1210 2632 ut

216 2661 290 2729 citra
300 2661 408 2718 vallem
421 2681 472 2738 pro
486 2661 588 2720 castris
602 2661 711 2738 proelio
720 2661 925 2733 contenderet;
947 2662 973 2718 si
984 2661 1011 2720 id
1024 2661 1139 2720 efficere
1151 2679 1208 2720 uon

217 2761 319 2824 posset,
335 2759 376 2819 ut,
392 2751 548 2827 exploratis
567 2750 726 2820 itineribus,
742 2751 852 2808 minore
870 2769 939 2808 cum
958 2750 1088 2826 periculo
1101 2749 1209 2810 vallem

217 2837 370 2914 rivumque
384 2840 530 2896 transiret.
571 2839 671 2898 Prima
685 2840 751 2898 luce
766 2840 888 2898 bostium
902 2841 1048 2915 equitatus
1061 2839 1097 2896 ad
1111 2849 1209 2898 castra

217 2925 337 2992 accedit,
351 2926 551 3002 proeliumque
561 2945 629 2986 cum
640 2929 743 2988 nostris
753 2929 897 3006 equitibus
907 2929 1065 2986 committit.
1097 2927 1209 2985 Caesar

165 3027 204 3081 30
217 3011 346 3070 consulto
357 3014 467 3088 equites
481 3017 593 3086 cedere,
606 3035 694 3095 seque
706 3019 735 3074 in
747 3027 845 3076 eastra
857 3017 986 3093 recipere
997 3015 1095 3091 juben
1118 3015 1205 3074 simul

215 3119 251 3157 ex
272 3102 406 3158 omnibus
428 3105 557 3178 partibus
579 3117 675 3164 castra
697 3107 797 3166 altiore
819 3107 896 3165 vallo
917 3105 1033 3174 muniri,
1053 3113 1206 3180 portasque

216 3189 335 3260 obstrui,
362 3199 447 3266 atque
473 3194 502 3249 in
527 3194 573 3251 his
597 3195 829 3255 administrandis
856 3197 943 3254 rebus
965 3211 1053 3270 quam
1080 3195 1206 3254 maxims

215 3282 393 3350 concursari,
409 3291 438 3340 et
452 3301 520 3340 oum
534 3283 717 3343 simulatione
731 3287 841 3344 timoris
856 3288 903 3368 agi
914 3286 1007 3362 jubet.

255 3367 307 3429 Ll.
330 3371 446 3437 Quibus
468 3371 601 3430 omnibus
626 3375 713 3432 rebus
737 3376 832 3434 hostes
856 3377 968 3434 invitati
991 3376 1091 3453 copias
1114 3385 1206 3434 traus-

162 3475 202 3530 35
216 3459 334 3532 ducunt,
350 3461 501 3538 aciemque
515 3462 613 3537 iniquo
627 3461 691 3521 loco
703 3466 897 3539 constituunt3
920 3466 1024 3524 nostris
1037 3483 1106 3524 vem
1119 3466 1208 3524 otiam
1278 3495 1285 3507 ·

215 3551 251 3608 de
265 3551 342 3610 vallo
355 3551 495 3622 deductis,
511 3551 627 3628 propius
646 3553 798 3623 accedunt,
813 3566 842 3612 et
855 3554 914 3613 telo
927 3556 1004 3612 imre
1018 3555 1207 3614 munitionem

214 3659 251 3697 ex
260 3643 393 3700 omnibus
402 3643 529 3719 partibus
535 3643 711 3719 conjiciunt;
724 3644 971 3719 praeconibusque
979 3645 1094 3702 circum
1103 3645 1206 3715 mimis,

216 3732 402 3802 pronunciari
413 3732 535 3809 jubent:
557 3732 616 3792 Seu
631 3734 697 3809 quis
708 3733 813 3792 Gallus
826 3751 879 3791 seu
894 3731 1045 3792 Romanus
1055 3733 1125 3792 velit
1139 3743 1206 3792 ants

215 3815 315 3875 horam
336 3821 449 3878 tertiam
469 3821 505 3878 ad
525 3839 557 3879 se
576 3823 707 3893 transire,
727 3823 789 3880 eine
810 3821 940 3897 periculo
957 3821 1069 3895 lieer03
1095 3831 1157 3900 post
1176 3821 1206 3880 id
