2844 4340
175 233 177 240 ⁵
197 269 255 334 ie!
558 275 602 326 uu
618 273 722 324 sunno
738 273 880 322 eunuco
1076 252 1231 330 remrein

245 420 275 476 in
296 425 414 485 omres,
433 414 515 492 operi
535 412 698 482 destimtos,
719 413 865 488 conjicere
891 423 1014 489 possent.
1057 413 1123 474 Hoc
1145 409 1234 474 interss

244 509 331 566 misso
350 507 450 583 spatio,
476 504 549 562 dues
570 501 669 572 fossos,
683 521 725 560 xv
746 503 833 578 pedes
854 503 938 572 letes,
957 501 1062 562 eodem
1083 505 1236 564 altitudine

244 597 393 674 perduxit:
416 612 541 670 querum
552 593 726 660 interiorem,
736 593 947 668 campestribus
958 611 996 650 se
1007 593 1139 653 dentisms
1153 595 1234 665 locis,¹

244 703 371 761 squees
385 685 504 745 flumine
524 683 653 740 derivate
674 681 836 757 complevit·
878 681 946 740 Post
965 701 1017 745 ess
1039 701 1177 760 aggerem
1198 703 1235 742 sc

212 787 232 842 5
246 773 356 832 vellum
369 793 416 834 xrs
427 773 534 851 pedum
546 773 697 830 exstruxit.
727 769 807 828 Huic
818 771 938 828 loriosm
949 772 1110 849 pinumque
1119 771 1233 850 adjecit,

244 864 403 940 grandibus
429 864 525 922 servis
551 861 743 920 eminentibus
757 859 807 916 'cd
835 861 1040 919 commissuros
1072 862 1236 938 pluteorum

246 963 331 1029 etque
355 954 480 1032 aggeris,
505 953 735 1029 qui-escensum
757 950 882 1008 bostium
902 950 1067 1023 terderent;
1089 962 1119 1010 et
1139 962 1236 1011 turres

245 1053 302 1101 toto
315 1063 399 1119 opere
414 1039 612 1110 circumdedit,
628 1059 702 1116 ques
716 1039 805 1116 pedes
818 1057 897 1098 cxxx
911 1041 986 1098 inter
1000 1059 1032 1098 se
1045 1041 1193 1100 distarent.

258 1168 261 1174 ·
286 1133 426 1193 LXXIH.
448 1134 520 1191 Erst
534 1129 634 1190 eodem
649 1141 780 1206 *tompore
795 1139 822 1186 et
843 1130 998 1202 mererium,
1013 1140 1042 1188 et
1056 1130 1235 1203 frumentari,

196 1227 233 1285 10
246 1235 274 1281 et
295 1229 389 1282 tentos
410 1224 583 1280 munitiones
604 1216 676 1290 fieri,
697 1238 825 1288 neeesse,
840 1218 989 1277 diminutis
1010 1221 1114 1278 nostris
1136 1223 1238 1298 copiis,

246 1333 322 1388 quse
346 1311 461 1390 longius
486 1311 648 1370 abnostris
673 1309 948 1386 progrediebantur:
970 1327 1005 1366 eo
1029 1327 1237 1386 nonuunquam

246 1421 334 1480 opere
348 1413 446 1460 nostre
461 1401 540 1460 Gelli
554 1405 674 1474 tentare,
690 1409 776 1474 etque
789 1400 968 1474 eruptionem
982 1417 1019 1456 ex
1033 1401 1134 1477 oppido
1148 1401 1239 1477 pluri.

246 1493 301 1550 bns
322 1495 410 1568 portis
434 1509 548 1548 summe
574 1491 601 1546 vi
627 1487 725 1548 iecere
749 1489 938 1546 emebantur.
980 1488 1082 1554 Quare
1103 1490 1139 1547 ed
1163 1491 1239 1549 hese

248 1599 351 1640 rursus
370 1585 458 1656 opere
479 1577 641 1636 addendum
654 1579 764 1648 Gesser
784 1579 906 1654 putavit,
920 1597 978 1654 quo
994 1580 1103 1638 minore
1116 1599 1238 1640 numero

197 1675 234 1732 15
248 1671 372 1728 militum
386 1670 560 1728 munitiones
573 1667 690 1725 defendi
702 1679 825 1744 possent.
849 1695 852 1702 ¹
867 1667 969 1744 ltaque
982 1672 1094 1728 tmncis
1102 1672 1239 1730 erborum

247 1759 327 1818 heud
338 1758 492 1816 admodum
507 1758 599 1815 firnris
613 1758 702 1814 remis
715 1758 860 1828 abscissis,
872 1768 958 1836 etque
972 1760 1238 1828 horumdelibrstis

248 1859 334 1922 atque
349 1848 510 1923 prosecutis
524 1846 735 1916 cacuminibus,
751 1861 907 1922 perpetius
921 1848 1023 1918 iossee,
1034 1851 1136 1926 quinos
1150 1851 1239 1928 pedes

248 1937 332 2006 ehoe,
353 1937 546 1994 damnentur.
589 1935 659 1994 Huc
685 1936 727 1992 ilii
751 1938 862 2014 stipites
885 1939 1011 2009 demissi,
1032 1951 1061 1998 et
1082 1943 1120 1998 cb
1137 1940 1240 2000 infimo

248 2028 425 2096 reuinctum
437 2025 539 2110 reuelli
550 2037 673 2103 possent,
685 2027 820 2086 obtemis
835 2029 1010 2088 eminebant.
1049 2031 1140 2096 Quini
1154 2042 1239 2090 erent

195 2121 235 2178 2⁰
247 2115 369 2186 ordines,
385 2113 532 2192 conjuncti
546 2116 621 2173 inter
634 2135 669 2174 se.
680 2123 766 2192 stque
781 2118 921 2196 implicati
933 2139 942 2192 3
965 2139 1022 2196 quo
1043 2121 1093 2195 qui
1113 2122 1238 2178 introve-

248 2216 321 2276 rsnt,
336 2207 437 2284 seipsi
452 2206 626 2265 acutissimis
639 2206 724 2267 vullis
738 2207 905 2266 induebant.
946 2209 1008 2268 Hos
1022 2212 1120 2287 cippos
1139 2211 1238 2288 eppei·

248 2297 355 2359 iebant.
392 2300 470 2357 Ante
481 2298 540 2368 hos,
549 2298 673 2374 obliquis
683 2297 872 2356 ordinibusin
882 2300 1076 2375 quincuncem
1086 2301 1239 2378 dispositis,

247 2391 364 2450 scrobes
385 2391 473 2449 trium
496 2389 526 2446 in
551 2388 742 2446 altitudinem*
757 2389 861 2464 pedum
887 2387 1077 2462 fodiebantur,
1099 2391 1239 2468 paulatim

248 2483 412 2559 mgust'mrs
425 2479 462 2538 sd
477 2479 609 2539 intimum
624 2478 748 2556 fastigio.
791 2479 860 2536 Huc
873 2489 979 2538 teretes
992 2481 1111 2558 stipites,
1124 2482 1240 2540 feminis

193 2575 234 2632 25
246 2571 448 2641 crassitudine,
464 2570 500 2628 cb
514 2587 627 2628 summo
640 2569 791 2646 praeacuti
813 2579 842 2626 et
864 2571 1000 2645 prsensti,
1016 2571 1240 2630 demittebantur

247 2663 296 2732 its,
312 2673 344 2720 ut
358 2681 414 2721 non
429 2661 553 2738 emplius
566 2660 663 2736 digitis
676 2677 709 2716 1v
721 2675 760 2715 ex
774 2668 853 2716 terre
866 2660 1043 2719 eminerent:
1059 2663 1157 2732 sunni,
1171 2679 1241 2720 oon·

247 2751 381 2809 firmandi
403 2763 432 2809 et
452 2749 616 2810 stabiliendi
639 2765 739 2818 oense,
760 2749 868 2826 singuli
892 2750 928 2807 cb
950 2751 1049 2809 infimo
1069 2752 1130 2810 solo
1151 2752 1242 2830 pedes

244 2844 325 2898 tc'rre
348 2841 597 2913 exeolosbentur3
624 2839 738 2914 relique
762 2852 829 2915 pers
853 2839 964 2897 scmbis
985 2839 1022 2898 ed
1049 2841 1239 2899 occultandus

246 2927 366 2985 insidies
383 2927 538 2986 viminibus
559 2947 595 2988 ec
609 2925 744 3006 virgultis
768 2929 959 3006 integebetur.
1001 2929 1100 3004 Hujus
1122 2931 1241 3007 generis

196 3019 236 3072 eu
247 3016 340 3072 octoni
362 3015 476 3074 ordines
497 3017 586 3086 ducti,
601 3029 698 3076 ternos
717 3019 793 3078 inter
806 3038 837 3076 se
852 3017 941 3096 pedes
959 3018 1111 3078 distabunt.
1154 3019 1186 3076 Id
1200 3039 1240 3078 err

246 3102 433 3160 similitudine
448 3103 525 3162 floris
539 3105 633 3164 lilium
654 3109 848 3184 appellebant.
889 3103 968 3166 Ante
981 3109 1055 3166 hoec
1069 3109 1174 3178 nisse,
1190 3127 1237 3186 pe·

246 3191 312 3251 dem
327 3191 438 3268 longae,
454 3191 557 3250 ferreis
571 3195 664 3254 hemis
684 3199 790 3268 infixis,
806 3208 881 3258 totus
895 3199 924 3256 in
939 3207 1046 3256 terrem
1060 3197 1237 3258 infodieban-

246 3293 302 3352 tur,
318 3281 567 3358 mediocribusque
582 3285 751 3344 intermissis
764 3289 873 3364 spatiis,
882 3289 1016 3348 omnibus
1030 3289 1103 3348 locis
1116 3288 1237 3346 dissere-

246 3374 359 3454 buntur,
374 3387 446 3447 quos
459 3373 592 3430 stimulos
603 3374 799 3435 nominabunt.

194 3461 233 3518 85
285 3459 424 3522 Lxxtv.
446 3461 503 3520 His
517 3463 604 3520 rebus
617 3461 761 3538 perfectis,
774 3469 905 3543 regiones
919 3477 1038 3526 secutus
1048 3482 1137 3544 quern
1147 3469 1239 3542 potuit

246 3555 442 3631 ssqumsimos,
459 3568 511 3630 pro
525 3554 708 3623 loetheum,
723 3569 777 3612 xxv
791 3557 883 3616 millis
903 3576 1043 3636 passuum
1057 3557 1236 3633 complexus,

163 3655 174 3662 ·
245 3661 330 3720 peres
350 3643 480 3720 ejusdem
500 3645 617 3722 generis
638 3645 980 3716 munitionesdiversss,
1003 3647 1040 3706 eb
1061 3647 1114 3717 his,
1134 3657 1239 3710 contre

157 3743 167 3756 '
245 3735 414 3794 exteriorem
428 3736 538 3794 bostem
553 3733 682 3812 perfecit,
695 3744 777 3792 utne
790 3753 897 3812 magne
911 3737 1028 3812 quidem
1043 3736 1237 3806 multitudiue,

161 3865 165 3870 .
214 3825 219 3838 “
244 3822 270 3876 si
291 3823 331 3882 ite
352 3823 465 3880 mode
486 3825 550 3898 ojus
570 3825 708 3892 discessu,
733 3823 923 3882 munitionum
944 3827 1088 3902 prsesidis
1111 3827 1238 3885 circum·
