2804 4312
374 221 390 244 .

168 289 225 335 cu.
236 287 283 340 aar
583 285 679 334 arnna
695 287 823 334 amnne.
838 315 840 318 -
1175 279 1216 336 39

169 435 263 483 terem
284 422 434 500 praefecit,
449 424 491 482 uti
511 441 560 482 eos
580 433 666 482 temes
679 440 753 504 snae
768 425 891 500 quisque
906 424 1020 484 virtutis
1033 423 1161 484 hebetet.

169 513 372 591 Ipseadextro
385 529 484 582 cornu,
495 511 570 588 quod
584 503 774 590 eem'putem
783 514 902 572 minime
911 514 1025 572 timiam
1039 513 1162 571 hostium

169 623 234 661 eeee
243 603 379 662 animum
394 599 565 670 adverterat,
575 603 716 677 proelium
724 603 878 660 commisit.
899 601 943 662 lta
956 604 1044 662 nostri
1056 603 1162 678 aeriter

169 693 201 749 in
215 691 319 760 hostes,
328 691 411 767 signo
424 690 499 760 dato,
509 691 648 766 impetum
663 689 811 749 iecerunt:
832 693 928 767 itaque
942 692 1036 750 hoetes
1045 700 1162 768 repente

170 781 362 855 celeriterque
376 789 591 856 procurrerunt,
601 789 632 838 ut
643 781 766 856 spatium
775 780 833 857 pila
847 781 876 837 in
885 781 980 838 hostes
989 780 1161 856 conjiciendi
1174 781 1194 834 5

170 887 227 927 non
241 870 369 926 deretur.
413 867 542 944 Rejectis
562 867 636 944 pilis,
652 871 783 926 cominus
802 869 907 946 gladiis
927 880 1087 946 pugnatum
1100 877 1161 928 est:

171 969 201 1016 at
223 957 373 1026 Germani,
395 957 528 1016 celeriter
552 975 588 1016 ex
609 957 815 1024 consuetudine
837 976 892 1039 sue
914 958 1059 1036 phalange
1076 957 1161 1028 secte,

171 1049 295 1123 impetus
322 1045 484 1122 gladiorum
511 1056 698 1122 exceperunt.
755 1045 874 1122 Reperti
901 1056 968 1104 eunt
999 1047 1163 1124 complures

172 1137 261 1194 nostri
283 1135 396 1204 milites,
412 1135 462 1210 qui
485 1135 515 1190 in
530 1134 690 1212 phalangas
710 1135 862 1203 insilirent,
877 1143 906 1191 et
926 1127 1009 1192 scuta
1030 1136 1163 1192 manibus

172 1224 346 1282 revellerent
359 1233 387 1280 et
403 1223 531 1299 desuper
546 1223 744 1280 vulnerarent.
786 1221 887 1286 Quum
908 1213 1033 1278 hostium
1053 1221 1132 1280 acies
1144 1240 1164 1278 e
1179 1223 1215 1278 10

172 1314 288 1371 sinistro
300 1331 390 1370 cornu
411 1312 495 1388 pulsa
516 1321 602 1387 atque
622 1312 653 1367 in
667 1309 767 1386 fugam
782 1327 923 1368 conversa
936 1319 1019 1379 esset,
1035 1327 1052 1366 a
1066 1308 1166 1368 dextre
1191 1353 1195 1359 -
1212 1374 1215 1380 ,

171 1420 266 1460 cornu
286 1402 470 1458 vehementer
493 1399 677 1458 multitudine
700 1417 821 1455 suorum
842 1407 968 1455 nostram
989 1399 1082 1456 aciem
1102 1416 1164 1474 pre-
1204 1466 1208 1474 ,

173 1491 301 1548 mebant.
349 1487 381 1547 Id
405 1507 497 1566 quum
521 1488 769 1546 animadvertisset
789 1487 822 1544 P.
844 1486 968 1549 Crassus
989 1485 1164 1557 adolescens,

172 1581 224 1656 qui
238 1580 367 1654 equitatu
381 1588 522 1656 praeerat,
531 1577 608 1653 quod
621 1576 779 1653 expeditior
792 1585 863 1645 eret,
879 1578 968 1652 quem
982 1575 1013 1634 hi
1026 1576 1077 1652 qui
1090 1576 1165 1634 inter

174 1671 267 1727 eciem
281 1667 480 1736 versabantur,
494 1667 610 1728 tertiam
623 1667 718 1724 aciem
739 1665 936 1724 laborantibus
956 1666 1059 1724 nostris
1073 1665 1163 1724 subsi-
1179 1671 1215 1726 15

174 1759 219 1816 dio
234 1759 319 1816 misit.

213 1845 292 1905 LIII.
325 1845 369 1904 Ita
395 1844 535 1922 proelium
556 1845 720 1903 restitutum
743 1853 804 1917 eet3
837 1853 922 1921 atque
946 1863 1046 1903 omnes
1069 1843 1165 1902 hostes

174 1946 254 2013 terge
268 1945 425 2004 verterunt,
440 1953 534 2010 neque
549 1934 630 2009 prius
644 1929 747 2010 sugere
760 1933 938 2003 destiterunt,
953 1953 1041 2010 quam
1056 1933 1091 1990 ed
1111 1934 1162 1992 iin-

175 2044 240 2084 men
256 2025 391 2082 Rhenum
402 2023 494 2080 millia
508 2039 645 2098 passuum
659 2041 696 2079 ex
705 2041 739 2082 eo
753 2022 940 2080 lococirciter
954 2023 1164 2100 quinquaginta

175 2115 366 2190 pervenerint.
417 2111 460 2170 Ibi
484 2112 631 2187 perpauci,
657 2120 706 2186 aut
728 2111 838 2170 viribus
860 2111 960 2171 confisi
984 2121 1163 2169 transnatare
1176 2115 1216 2170 20

174 2203 390 2272 contenderunt,
406 2212 457 2259 aut
480 2201 614 2258 lintribus
635 2199 758 2258 inventis
772 2199 825 2256 eibi
846 2200 970 2257 salutem
986 2209 1162 2276 reperemnt.

175 2292 207 2350 Iu
231 2294 277 2350 his
301 2291 355 2349 fuit
376 2289 549 2359 Ariovistus,
570 2289 631 2364 qui,
646 2288 814 2346 naviculam
834 2288 991 2366 deligatam
1012 2288 1048 2345 ed
1073 2288 1165 2364 ripam
1215 2351 1218 2358 .

174 2391 285 2450 nactus,
301 2399 337 2438 ea
358 2377 500 2457 pmfugit:
523 2377 649 2453 reliquos
662 2396 762 2434 omnes
775 2378 922 2434 consecuti
943 2377 1056 2452 equites
1076 2376 1164 2433 nostri

175 2469 391 2526 interfecerunt.
442 2465 526 2524 Duae
550 2465 669 2524 fuerunt
693 2465 833 2524 Ariovisti
854 2482 967 2533 uxores,
989 2482 1048 2520 una
1068 2463 1167 2520 Saeva

174 2559 298 2626 natione,
308 2575 395 2633 quam
409 2557 446 2614 ab
460 2556 542 2613 domo
555 2573 657 2612 secum
671 2555 810 2612 eduxerat
818 2571 827 2624 ;
851 2552 944 2609 altera
957 2550 987 2608 N
989 2551 1078 2618 crica,
1088 2551 1166 2626 regis
1177 2559 1216 2612 2⁵

175 2646 313 2704 Vocinnis
332 2664 418 2715 soror,
440 2649 534 2721 quam‘
552 2646 582 2702 in
606 2643 705 2702 Gallia
729 2642 860 2710 duxerat,
882 2659 900 2697 a
920 2637 1009 2697 Fratre
1030 2639 1165 2698 missam:

175 2745 315 2810 utraeque
338 2735 367 2792 in
384 2754 420 2792 ea
444 2733 515 2810 iuge
534 2734 691 2810 perierunt.
734 2729 819 2786 Duae
840 2729 918 2786 filiae
939 2727 1052 2796 herum,
1074 2727 1165 2786 ultera

174 2825 280 2890 occisa,
305 2822 397 2880 altere
420 2833 505 2900 capta
528 2829 581 2878 eet.
632 2820 666 2878 C.
693 2818 832 2877 Valerius
856 2817 1007 2887 Procillus,
1033 2835 1123 2893 quum
1147 2837 1165 2876 a

174 2913 340 2970 custodibus
354 2913 383 2968 in
399 2911 468 2988 fuga
489 2911 571 2968 trinis
585 2909 825 2985 catenisvinctus
839 2907 1010 2975 traheretur,
1025 2907 1055 2963 in
1070 2907 1164 2985 ipsum

174 3002 449 3070 Caesarem,hoetes
463 3001 593 3076 equitatu
607 3007 835 3075 persequentem,
851 2996 960 3055 incidit.
1003 2995 1088 3063 Quae
1102 3001 1163 3076 qui·
1177 3007 1216 3062 3ο

174 3092 240 3148 dem
255 3107 302 3148 res
315 3091 434 3148 Caesari
449 3107 505 3146 non
515 3089 668 3156 minorem,
678 3105 765 3162 quam
780 3087 841 3162 ipsa
850 3087 980 3156 victoria,
990 3087 1164 3164 voluptatem

175 3181 289 3251 attulit3
322 3179 397 3254 qnod
422 3174 566 3235 hominem
590 3175 821 3233 honestissimum
849 3177 1013 3252 provinciae
1038 3176 1162 3250 Galliae,

174 3288 261 3326 suum
283 3267 454 3326 familiarem
468 3277 497 3323 et
520 3266 668 3342 hospitem,
684 3274 815 3340 ereptum
835 3284 851 3322 e
873 3265 1162 3339 manibuslhostium,

175 3357 229 3414 sibi
257 3357 421 3416 restitutum
449 3353 581 3426 videbat;
618 3371 712 3428 neque
740 3353 804 3428 ejus
831 3349 995 3410 calamitate
1023 3353 1058 3410 de
1085 3364 1165 3412 tanta

175 3445 320 3522 voluptate
334 3455 363 3502 et
383 3442 573 3520 gratulatione
594 3440 750 3518 quidquem
773 3439 887 3497 fortuna
901 3441 1083 3497 diminuerat.
1126 3439 1163 3508 le,
1178 3449 1216 3502 35

175 3553 207 3591 ee
221 3541 380 3610 praesente,
392 3532 428 3589 de
441 3549 473 3589 ee
487 3541 531 3590 ter
544 3531 668 3588 sortibus
681 3528 845 3588 consultum
859 3528 982 3594 dicebat,
992 3535 1090 3582 utrum
1103 3526 1165 3602 igni

175 3625 271 3681 stetim
291 3632 454 3691 necaretur,
470 3639 508 3678 an
528 3621 559 3678 in
574 3619 654 3677 aliud
674 3627 787 3694 tempus
808 3622 1023 3674 reservaretur:
1045 3614 1165 3670 sortium

176 3713 316 3770 beneficio
336 3729 445 3770 ecesse
466 3705 651 3768 incolumem.
693 3705 766 3764 Item
788 3703 829 3762 M.
846 3701 966 3760 Mettius
986 3710 1117 3776 repertus
1137 3711 1166 3760 et

177 3799 213 3858 ad
227 3819 295 3859 eum
309 3799 446 3860 reduetus
457 3807 511 3858 eet.
