2804 4312
183 291 238 340 Cu.
247 291 294 344 tal
539 300 541 304 ·
584 288 680 336 LIBER
700 287 828 338 Pullius,
1185 285 1227 344 35

181 427 256 506 quod
279 445 349 486 vero
377 426 412 484 ad
437 428 595 485 amicitiam
619 427 722 504 Populi
744 429 867 488 Romani
892 429 1062 501 attulissent,
1087 431 1115 490 id
1138 429 1174 488 iis

181 519 261 596 eripi,
277 519 344 593 quis
357 517 417 594 pati
430 517 549 594 poesetl
591 517 750 576 Postulavit
764 519 868 576 deinde
882 517 994 590 eadem,
1004 537 1079 596 quae
1093 519 1171 598 lega-

181 610 217 666 tis
237 610 267 665 in
289 606 432 667 mandatis
453 605 593 679 dederat3
616 607 666 664 Ne
686 618 737 666 aut
751 607 873 679 Aeduis,
889 619 939 668 ant
960 627 1061 670 eorum
1076 611 1171 681 soniis,

181 697 290 756 bellum
303 695 423 754 inferret
435 716 444 770 ;
466 695 579 754 obsides
592 695 742 755 redderet:
763 699 789 755 si
802 697 914 756 nullam
927 709 1038 775 partem
1050 698 1171 757 Germa·

181 805 282 846 norum
296 787 414 844 domum
428 787 574 844 remittere
588 796 689 862 posset,
706 797 735 845 at
752 804 876 864 aequos
896 789 1020 864 amplius
1035 787 1171 848 Rhenum
1184 793 1204 848 5

181 878 301 934 transire
315 886 473 952 pateretur.
1069 877 1071 880 ’

220 965 331 1024 XLIV.
353 966 519 1024 Arioriatue
532 963 567 1022 ad
582 965 726 1041 postulata
737 965 873 1026 Caesaris
887 986 982 1045 pauoa
1003 967 1169 1045 respondit;
1193 1001 1196 1006 ·

182 1056 215 1114 de
238 1058 299 1114 suis
319 1055 475 1114 virtutibus
503 1055 596 1112 multa
622 1055 817 1130 praedicavit:
847 1057 1005 1116 Transisse
1032 1057 1171 1116 Rhenum

181 1163 242 1203 sesa
265 1163 322 1203 non
339 1163 397 1202 sua
416 1153 525 1221 sponte,
546 1143 597 1201 sed
619 1145 751 1219 rogatum
771 1155 800 1202 et
821 1147 991 1204 aroeesiturn
1016 1167 1035 1203 a
1054 1147 1169 1219 Gellis;
1224 1151 1226 1154 ’

180 1251 237 1292 oon
250 1235 313 1292 sine
327 1249 437 1311 magna
448 1251 499 1310 epe
513 1234 686 1310 magnisque
706 1235 843 1308 praemiis
856 1234 973 1292 domum
987 1236 1170 1311 propinquos·
1186 1235 1224 1294 lu

179 1341 238 1398 que
253 1323 425 1398 reliqu-isse5
446 1323 530 1381 sedes
551 1323 710 1380 haberein
725 1321 834 1394 Gellia,
850 1323 885 1380 ab
906 1324 976 1398 ipsi·
996 1341 1170 1398 eonoeoeau

179 1411 294 1469 obsides
303 1413 428 1488 ipsorum
437 1412 584 1470 voluntate
593 1410 674 1469 datos
682 1431 692 1484 3
708 1411 883 1487 stipendium
897 1429 1003 1487 oapere
1013 1411 1081 1488 jure
1092 1412 1170 1482 belli,

180 1499 257 1577 quod
272 1502 394 1560 victore·
408 1503 500 1560 'vietis
522 1501 670 1578 impunem
692 1501 879 1573 oonsuerint3
902 1519 958 1558 non
980 1519 1044 1560 sese
1066 1501 1173 1574 Gellia
1257 1553 1263 1574 ,

179 1589 230 1648 eed
250 1589 352 1648 Gallos
371 1589 426 1649 sibi
440 1591 550 1648 bellurn
569 1590 721 1662 intuliree3
743 1607 843 1650 omnes
858 1591 974 1650 Galliae
987 1591 1120 1650 civitatee
1133 1591 1170 1650 ad

178 1697 209 1738 se
222 1680 448 1757 oppugnandum
463 1681 586 1750 venisse,
602 1699 638 1738 ao
658 1690 759 1740 eontra
778 1699 810 1738 ee
825 1690 921 1738 castra
941 1681 1077 1740 habuisse
1086 1700 1096 1753 ;
1118 1699 1170 1739 aas
1184 1681 1221 1738 15

178 1787 278 1828 omnes
297 1771 397 1847 copias
418 1789 436 1828 a
456 1789 488 1828 se
512 1787 569 1828 uuo
589 1769 697 1846 proelio
718 1769 850 1828 lusasau
872 1779 1023 1846 superatae
1036 1789 1121 1842 esse;
1143 1771 1170 1828 si

178 1859 282 1917 iterum
305 1859 430 1936 experiri
455 1859 554 1930 velint,
577 1860 682 1917 iterum
705 1867 839 1936 peratum
862 1879 929 1918 sese
952 1859 1170 1932 deoenare;si

178 1967 248 2025 paee
271 1950 313 2006 uti
328 1949 427 2019 velint,
450 1949 584 2024 iniquum
604 1967 677 2019 esse,
702 1949 738 2006 de
760 1949 901 2025 stipendio
922 1967 1068 2019 reeusare,
1091 1949 1168 2026 quod

177 2056 230 2096 sua
243 2038 393 2096 voluntate
407 2037 444 2096 ad
458 2038 486 2095 id
507 2048 621 2115 tempus
642 2037 838 2115 pependerint.
881 2038 1050 2096 Amieitiam
1065 2037 1168 2115 Populi

178 2127 302 2186 Romani
329 2129 384 2185 sibi
410 2136 580 2186 ornamento
601 2137 631 2185 et
655 2127 805 2203 praesidio,
831 2143 888 2184 non
913 2127 1083 2186 detrimento
1105 2127 1221 2187 esseio

177 2227 323 2294 oportere:
344 2217 476 2294 idquese
490 2235 586 2294 easpe
601 2219 714 2294 petisse.
743 2215 775 2272 Si
784 2235 837 2292 per
846 2215 988 2292 Populum
1003 2216 1169 2276 Romanum
1207 2217 1211 2226 ’

177 2306 350 2383 stipendium
366 2308 542 2378 (remittatur,
564 2316 592 2364 et
612 2306 732 2364 dedititii
755 2305 969 2376 subtrahantur,
992 2323 1049 2383 uon
1071 2307 1168 2365 minus

177 2395 301 2474 libenter
312 2415 377 2454 seee
398 2406 600 2454 recusaturum
622 2395 724 2472 Populi
744 2393 867 2451 Romani
890 2396 1057 2464 amicitiam,
1079 2413 1168 2470 quam

177 2485 338 2562 appetierit.
388 2484 476 2552 Quod
504 2483 717 2542 multitudinem
743 2482 956 2538 Germanorum
978 2483 1008 2536 in
1039 2482 1168 2540 Galliam

176 2574 352 2644 transducat,
375 2573 404 2630 id
425 2593 457 2630 ee
478 2573 524 2631 sui
547 2569 705 2639 muniendi,
726 2587 783 2626 non
807 2568 922 2626 Galliae
944 2567 1167 2643 impugnandae,
1181 2571 1220 2626 25

176 2681 267 2722 eausa
282 2662 397 2736 faeer03
420 2663 484 2738 ejus
500 2663 541 2720 rei
562 2660 756 2740 testimonium
777 2675 849 2726 esee,
864 2656 949 2732 quod,
964 2657 1019 2714 nisi
1041 2666 1168 2733 mgatus‚

176 2771 232 2811 nou
247 2752 369 2822 venerit,
380 2762 408 2810 et
422 2750 497 2828 quod
512 2749 692 2808 bellumnon
706 2746 843 2816 intulerit,
858 2745 908 2804 sed
919 2743 1086 2804 detenderit.
1116 2745 1170 2804 'Se

176 2843 256 2918 prius
270 2842 300 2899 iu
314 2841 443 2899 Galliam
457 2840 579 2910 venisse,
594 2854 682 2915 quant
703 2835 846 2914 Populum
868 2835 1041 2894 Romanum.
1083 2834 1167 2895 Nun.

176 2949 265 3006 quam
289 2941 355 2988 aute
379 2931 434 2988 hoc
456 2940 570 3006 tempus
593 2921 756 2986 eneroitum
779 2926 881 3003 Populi
904 2925 1027 2984 Romani
1052 2925 1168 2986 Galliae

176 3021 340 3096 provinciae
359 3019 433 3078 fines
452 3034 612 3095 egressum.
655 3017 733 3081 Quid
747 3016 801 3074 sibi
823 3016 933 3076 velleii
972 3015 1035 3074 Cur
1048 3016 1078 3074 iu
1098 3035 1168 3076 suas
1180 3019 1221 3076 80

131 3167 137 3176 ,
176 3110 368 3185 possessiones
381 3107 517 3165 venit-eti
559 3106 742 3164 Provinciam
756 3123 840 3164 suam
854 3125 916 3166 esse
931 3106 1007 3163 hano
1028 3104 1167 3176 Galliam,

175 3199 262 3256 aienti
283 3198 364 3256 illam
384 3205 521 3255 nostram:
564 3195 604 3254 Ut
626 3195 679 3272 ipsi
701 3196 821 3254 oonoedi
841 3212 898 3254 non
918 3203 1070 3271 oporteret,
1091 3196 1117 3254 ei
1137 3196 1168 3252 in

176 3297 286 3344 nostroe
306 3288 380 3344 lines
404 3287 543 3362 impetum
572 3282 697 3342 lauerat:
729 3285 771 3342 sie
794 3286 861 3343 item
885 3302 938 3342 nos
959 3303 1024 3342 esse
1044 3284 1167 3360 iniquos,

176 3376 251 3452 qnod
265 3377 295 3434 in
309 3395 362 3434 suo
373 3376 441 3452 jure
455 3395 486 3432 se
500 3373 760 3451 interpellaremus.
802 3373 888 3440 Quod
910 3372 1014 3432 fratres
1027 3391 1045 3430 a
1058 3372 1169 3428 Senatu

177 3455 297 3523 Aeduos¹
311 3465 468 3542 appellatos
482 3463 600 3532 dinotet,
614 3479 671 3521 non
691 3483 723 3520 se
743 3473 803 3521 tam
824 3462 979 3520 barbarum
1000 3475 1095 3533 neque
1108 3466 1169 3512 tam
1182 3459 1222 3514 δῦ

176 3553 343 3630 imperitum
356 3573 420 3611 esse
434 3571 541 3624 rerum,
557 3561 659 3611 utnon
673 3553 769 3622 eoiret,
779 3569 874 3628 neque
888 3550 965 3606 bello
977 3546 1170 3620 Allobrogum

177 3643 307 3718 proximo
317 3643 436 3700 Aeduos
450 3641 589 3700 Romanis
602 3641 746 3698 auxilium
759 3641 869 3707 tulisse,
884 3651 977 3709 neque
991 3636 1066 3708 ipsos
1080 3632 1110 3686 in
1124 3629 1170 3688 his
1278 3712 1280 3716 Δ

177 3731 416 3800 eontentionibus‚
430 3747 503 3810 quae
517 3730 615 3788 Aedui
635 3747 736 3788 seeum
754 3736 783 3784 et
802 3743 871 3784 oum
890 3721 1033 3798 Sequanis
1054 3718 1168 3777 habuis-

177 3827 251 3888 sent,
266 3821 375 3882 auxilio
388 3821 490 3898 Populi
510 3819 634 3881 Romani
649 3835 716 3876 usne
728 3811 814 3874 esee.¹
844 3810 959 3876 uetere
971 3828 1003 3868 se
1016 3807 1168 3886 suspioerir
