2844 4340
182 349 237 396 cn.
248 355 283 404 ra,
293 349 339 402 m]
564 346 659 394 LIBER
677 346 842 394 sufflatus
1165 335 1224 396 137

181 487 251 544 sidio
278 495 308 544 et
336 493 506 543 ornamento
532 484 569 540 sit
597 484 715 552 civitati,
744 485 805 540 suis
833 483 967 541 manibus
993 484 1171 544 succendere

180 585 373 652 cogerentur:
397 572 482 630 facile
505 591 536 630 se
559 573 615 630 loci
637 583 742 630 natura
764 569 933 630 defensuros
953 573 1062 643 dicunt,
1085 573 1171 652 quod,

179 683 266 740 prope
291 682 327 720 cx
351 663 484 720 omnibus
509 661 637 737 partibus
665 663 783 719 flumine
805 669 833 720 et
855 663 960 738 palude
981 663 1171 733 circumdata,

180 769 271 809 unum
300 753 406 810 habeat
434 761 462 808 et
491 761 698 827 perangustum
727 750 845 808 aditum.
887 751 982 808 Datur
1009 753 1171 828 petentibus

180 843 273 910 venia,
289 840 473 898 dissuadente
494 841 585 915 primo
600 838 847 916 Vercingetorige,
863 850 924 916 post
944 841 1127 910 eoncedente,
1142 847 1202 902 etb

179 931 314 1006 precibus
336 931 473 1005 ipserum,
493 938 522 986 et
544 925 740 988 misericordia
761 930 853 1006 vulgi.
875 929 1049 994 Defensores
1068 931 1170 1008 oppido

179 1019 272 1076 idonei
287 1020 465 1095 deliguntur.

219 1108 301 1166 XVI.
324 1108 547 1185 Vercingetorix
573 1107 730 1164 mineribus
753 1107 909 1165 Caesarem
933 1110 1083 1166 itineribus
1103 1111 1169 1168 sub

177 1201 317 1275 sequitur,
335 1199 476 1256 allecum
497 1198 600 1255 castris
618 1197 726 1273 deligit,
746 1197 899 1272 paludibus
918 1197 1057 1272 silvisque
1077 1199 1169 1253 muni-

178 1296 248 1356 tum,
271 1288 308 1344 ab
329 1288 458 1344 Avarico
477 1287 562 1364 longe
581 1287 673 1360 millia
687 1303 825 1361 passuum
845 1303 907 1342 xvr.
949 1284 992 1342 lbi
1013 1304 1064 1360 per
1077 1295 1170 1342 certos
1186 1287 1223 1343 10

178 1376 372 1451 exploratores
399 1376 428 1432 in
457 1376 573 1451 singula
600 1373 657 1432 diei
684 1384 822 1449 tempera,
847 1391 923 1447 quae
948 1373 983 1432 ad
1009 1373 1170 1430 Avaricum

178 1474 342 1542 agerentur,
353 1465 552 1542 segnescebat,
562 1472 600 1533 et,
609 1462 678 1538 quid
692 1463 757 1521 fieri
769 1457 866 1529 vellet,
881 1462 1056 1538 imperabat:
1071 1478 1170 1519 omnes

177 1563 289 1610 nostras
305 1553 504 1628 pabulationes
517 1551 811 1626 frumentationesque
824 1551 1003 1621 observabat,
1018 1551 1169 1628 dispersos·

178 1659 243 1716 que,
258 1660 350 1718 quum
364 1632 478 1718 longius
492 1642 657 1699 necessario
673 1639 868 1716 procederent,
884 1641 1073 1709 adoriebatur,
1090 1657 1168 1718 mag-

178 1747 270 1806 noque
292 1731 471 1788 incommodo
494 1729 653 1787 afficiebat:
675 1729 737 1797 etsi,
752 1739 892 1804 quantum
909 1731 1015 1787 ratione
1026 1729 1168 1806 provideri
1185 1732 1241 1789 15*

179 1829 296 1894 poterat,
312 1821 348 1877 ab
362 1821 466 1877 nostrie
480 1819 696 1887 occurrebatur,
710 1828 741 1875 ut
755 1819 873 1876 incertis
887 1819 1062 1895 temporibus
1075 1819 1168 1877 diver*

177 1909 274 1983 sisque
288 1909 439 1966 itineribus
453 1909 554 1965 iretur.

218 1997 313 2056 XVII.
336 1997 446 2055 Castris
462 1995 499 2053 ad
520 2011 585 2054 eam
606 2003 717 2072 partem
731 1997 825 2073 oppidi
840 1994 946 2074 positis,
960 1997 1078 2067 Caesar,
1093 2013 1168 2074 quae

178 2085 339 2144 intermissa
361 2105 378 2143 a
400 2087 521 2143 flumine
540 2096 568 2144 et
589 2105 606 2142 a
627 2085 731 2161 palude
746 2085 864 2156 aditum,
880 2097 1013 2162 utsupra
1034 2081 1167 2156 diximus,

178 2183 332 2251 angustum
354 2175 486 2244 habebat,
509 2193 645 2252 aggerem
671 2191 821 2250 apparare,
842 2175 942 2232 vineas
962 2195 1059 2254 agere,
1074 2179 1221 2234 tenesne

178 2263 249 2321 duas
271 2266 444 2322 connituere
464 2265 575 2340 coepit:
596 2281 664 2322 nam
679 2265 903 2321 circumvallare
918 2265 973 2320 loci
987 2273 1092 2322 natura
1106 2283 1167 2341 pre·

178 2351 301 2410 bibebat.
343 2352 389 2410 De
407 2371 438 2409 re
457 2351 647 2410 frumentaria
665 2351 750 2410 Boios
775 2362 861 2427 atque
884 2351 1002 2408 Aeduos
1024 2353 1168 2410 adhortari

177 2457 232 2498 neu
254 2441 380 2500 destitit:
401 2456 524 2517 quorum
546 2441 638 2511 alteri,
659 2441 733 2516 qued
756 2441 837 2496 nullo
856 2440 950 2496 studio
964 2438 1096 2514 agebant,
1111 2455 1167 2497 non

176 2531 300 2588 multum
326 2530 519 2604 adjuvabaut3
547 2531 630 2587 alteri
653 2547 709 2585 nen
733 2529 847 2604 magnis
872 2525 1067 2595 facultatibus,
1092 2529 1168 2602 quod

176 2619 279 2676 civitas
292 2629 356 2676 erat
369 2619 476 2695 exigua
490 2629 518 2676 et
532 2619 656 2686 infirma,
666 2617 809 2685 celeriter,
824 2615 900 2690 qued
914 2615 1085 2685 habuerunt,
1099 2633 1166 2673 cen-
1180 2619 1220 2676 25

176 2717 369 2785 sumpserunt.
419 2707 540 2781 Summa
567 2707 736 2764 difficultate
764 2705 806 2762 rei
834 2703 1038 2762 frumentariae
1066 2704 1169 2763 affecto

176 2798 316 2866 exercitu,
331 2797 469 2854 tenuitate
484 2795 630 2865 Boiorum,
646 2795 826 2870 indiligentia
837 2793 1017 2863 Aeduorum,
1027 2794 1169 2864 incendiis

177 2886 384 2954 aedificiorum,
400 2901 493 2960 usque
514 2903 557 2954 eo,
576 2895 607 2942 ut
628 2884 792 2960 complures
813 2883 874 2940 dies
896 2883 1002 2940 milites
1024 2883 1168 2943 frumento

176 2976 332 3045 caruerint,
348 2983 384 3043 et,
400 2991 502 3051 pecore
516 2993 532 3030 e
546 2973 792 3050 longinquioribus
802 2975 874 3033 vicis
885 2973 994 3043 adacto,
1009 2985 1167 3033 extremam

177 3063 282 3122 famem
296 3072 498 3132 sustemarent,
514 3063 595 3119 nulla
609 3072 706 3120 tamen
718 3081 771 3119 vox
787 3072 830 3119 est
844 3064 880 3120 ab
894 3063 932 3120 iis
942 3063 1050 3134 audita,
1064 3065 1167 3140 Populi
1180 3071 1220 3126 30

177 3151 299 3210 Romani
321 3153 470 3228 majestate
495 3160 524 3208 et
547 3152 742 3226 superioribus
764 3152 891 3210 victoriis
915 3152 1044 3230 indigna.
1085 3155 1167 3220 Quin

173 3242 261 3300 etiam
275 3241 395 3309 Caesar,
409 3257 501 3316 quum
515 3241 545 3296 in
559 3257 645 3314 opere
658 3240 790 3316 singulas
804 3241 931 3318 legiones
945 3243 1113 3317 appellaret,
1129 3255 1167 3312 et,

176 3329 200 3386 si
222 3331 357 3387 acerbius
378 3330 504 3405 inopiam
527 3327 644 3396 ferrent,
667 3347 698 3386 sc
719 3328 905 3388 dimissurum
927 3331 1168 3406 oppugnationem

175 3418 302 3490 diceret3
333 3418 462 3475 universi
486 3417 522 3474 ab
546 3435 588 3486 ee,
613 3415 661 3475 Ne
685 3417 714 3474 id
739 3416 855 3488 faceret,
881 3419 1030 3494 petebant:
1058 3417 1112 3472 Sic·
1136 3437 1167 3474 se

174 3509 340 3584 complures
355 3525 445 3566 annes
458 3508 508 3564 illo
521 3509 680 3584 imperante
695 3510 844 3578 meruisse,
858 3520 889 3566 ut
903 3508 1014 3564 nullam
1028 3507 1166 3581 ignomin·
1182 3509 1220 3571 '35

175 3598 233 3654 iam
261 3599 437 3673 acciperent,
462 3614 611 3672 nunquam
639 3597 746 3654 infecta
774 3613 805 3653 re
832 3595 1029 3652 discederent:
1058 3595 1112 3650 hoe
1137 3611 1168 3652 aa

175 3687 351 3762 ignominiae
366 3686 475 3744 laturos
488 3687 560 3754 loce,
575 3686 600 3741 si
614 3687 760 3760 inceptam
773 3684 1015 3757 oppugnationem
1036 3681 1167 3756 reliquis·

174 3785 256 3832 sent:
272 3785 419 3852 praestare
432 3791 530 3832 omnes
545 3772 671 3849 perferre
686 3771 868 3836 acerbitates,
883 3781 971 3842 quun
985 3769 1169 3830 concivibus

177 3863 326 3934 Romanis,
340 3866 391 3940 qui
406 3863 520 3922 Genabi
541 3862 660 3939 pertidia
675 3859 827 3918 Gallorum
850 3857 1021 3928 intermunt,
1036 3871 1167 3934 parente.

622 3970 673 4026 la*
