2826 4336
194 287 256 348 tae
542 285 895 344 ‘numuoosauoo
950 353 953 360 Ι
1088 253 1244 341 [onae.

243 437 375 497 creticus
386 437 530 512 integunt,
546 441 632 506 atque
646 443 755 506 aggere
768 426 895 504 explent,
909 440 998 504 seque
1013 423 1049 482 ad
1063 424 1245 551 eruptionem

246 539 332 603 atqua
345 539 447 583 omnes
460 539 549 580 cesus
561 527 741 621 comparant.

286 613 410 673 LXXX
432 613 553 680 Caesar,
568 609 646 666 omni
660 607 791 666 exercitu
811 605 848 663 ad
870 614 1022 680 utramque
1045 615 1155 682 partem
1179 623 1243 664 rnu-

245 707 387 764 nitionum
408 701 552 779 disposito,
573 707 617 767 ut,
640 698 665 754 si
689 713 760 754 usus
768 696 879 765 ueniat,
894 711 981 754 strum
1001 695 1124 770 quisque
1145 695 1244 752 locum

214 803 342 856 §teneat
355 802 383 864 et
397 791 517 859 noverit,
526 788 687 864 equitatum
701 803 738 842 ax
752 781 855 842 castris
867 783 955 842 educi
968 793 996 841 ct
1010 783 1151 860 proelium
1161 803 1242 842 eom.

246 885 319 942 mitti
330 883 421 959 jubat.
452 880 526 938 Erat
539 889 577 935 etr
592 875 729 934 omnibus
739 875 852 944 emtis,
862 891 938 949 quse
953 891 1099 932 summum
1115 873 1243 950 undique

248 973 354 1049 jugum
376 969 521 1038 tenebant,
536 967 711 1042 despoetus3
734 971 820 1040 atque
841 963 971 1022 omnium
994 963 1117 1020 militum
1141 964 1243 1022 intenti

246 1063 335 1122 animi
360 1077 475 1138 pugnes
499 1065 637 1115 eventum
662 1053 880 1132 exspectabant.
922 1051 1002 1110 Galli
1029 1052 1105 1109 inter
1132 1053 1242 1128 equites

245 1168 328 1210 raros
341 1150 505 1230 sagittarios
518 1145 725 1221 expeditosque
744 1141 820 1200 levia
840 1150 1006 1200 armaturae
1027 1141 1241 1216 interjecerant,

196 1249 234 1306 to
246 1244 296 1318 qui
311 1243 372 1300 suis
391 1239 562 1300 cedentibus
583 1233 693 1293 auxilio
713 1241 928 1300 succurrerent,
942 1241 972 1288 et
985 1241 1147 1288 nostrorum
1161 1233 1241 1306 equi.

246 1341 308 1390 turn
330 1333 471 1407 impetum
492 1327 678 1386 sustinerent.
722 1323 771 1379 Ab
793 1322 839 1378 his
859 1319 1022 1396 complures
1036 1320 1074 1378 de
1088 1320 1243 1396 improviso

247 1422 392 1480 vulnerati
404 1417 514 1497 proelio
528 1414 716 1473 excedebant.
758 1411 860 1476 Quum
874 1429 942 1468 suos
952 1427 1069 1486 pugnae
1080 1410 1242 1486 superiores

246 1531 312 1568 esse
323 1510 407 1568 Galli
421 1506 610 1572 confiderent,
624 1513 654 1560 at
667 1512 777 1560 nostros
791 1500 884 1578 premi
896 1498 1079 1558 multitudine
1091 1499 1238 1572 viderent3

245 1615 284 1656 ex
297 1599 432 1655 omnibus
444 1595 573 1671 partibus
588 1602 618 1650 et
631 1593 662 1661 ii,
676 1609 728 1666 qut
720 1585 951 1662 munitionibus
967 1589 1197 1658 continebantur,
1212 1599 1242 1647 et

197 1701 233 1756 15
247 1688 276 1757 li,
287 1689 342 1790 'qui
356 1686 393 1741 ad
406 1684 550 1742 auxilium
564 1689 770 1748 convenerant,
786 1671 913 1736 elamore
934 1687 963 1736 et
985 1677 1098 1738 ululatu
1120 1694 1241 1736 suorum

246 1778 357 1834 numios
366 1772 589 1832 coufirmabsnt.
632 1767 742 1834 Quod
734 1781 765 1826 ιιι
779 1761 936 1847 conspectu
955 1771 1083 1826 omnium
1099 1787 1145 1826 res
1156 1787 1241 1846 gera-

248 1868 332 1924 batur
333 1860 715 1938 ‚uequereoteaoturpiter
729 1857 840 1920 feenrm
853 1861 944 1918 celari
959 1869 1088 1938 poterat;
1106 1867 1241 1934 utrosque
1356 1932 1358 1936 .

246 1965 275 2013 et
297 1953 392 2012 laudis
413 1949 565 2031 cupiditas,
582 1959 611 2006 et
631 1950 717 2006 timor
736 1949 912 2026 ignominiae
932 1950 968 2008 ad
984 1949 1119 2008 virtutem
1134 1950 1239 2008 orcita·

247 2046 326 2102 bent.
355 2043 457 2108 Quum
471 2059 489 2097 a
503 2038 622 2096 meridie
637 2055 724 2115 prope
740 2038 775 2095 ad
790 2039 859 2097 selis
872 2055 1010 2098 occasum
1025 2039 1241 2096 dubiaviotoria

192 2143 235 2200 20
247 2144 435 2212 pugnaretur,
451 2130 594 2190 Germani
609 2147 669 2188 unu
683 2131 712 2186 in
728 2138 809 2206 parta
828 2129 966 2188 oonlsrtis
987 2131 1093 2188 turmis
1104 2131 1133 2187 in
1147 2131 1241 2187 hostes

245 2227 386 2301 impetum
414 2221 554 2291 ieeerunt
580 2239 689 2296 cosque
717 2221 923 2296 propulerunt:
951 2221 1058 2296 quibus
1084 2222 1113 2277 in
1142 2219 1241 2298 lugam

245 2315 393 2391 conjectis,
409 2311 757 2389 sagittariicircumvcnti
775 2310 979 2386 interfectique
993 2320 1070 2367 sunt.
1113 2309 1182 2368 ltem
1202 2327 1241 2366 cx

247 2407 366 2482 reliquis
380 2405 509 2481 partibus
523 2405 621 2472 nostri,
633 2403 770 2460 cedentes
783 2418 878 2478 usque
892 2401 928 2458 ad
942 2411 1039 2459 castra
1052 2401 1184 2470 insecuti,
1195 2401 1241 2457 aui

246 2496 401 2576 colligendi
430 2494 598 2552 facultatem
624 2509 680 2551 non
701 2491 851 2549 dederunt.
894 2492 976 2549 At·
958 2511 987 2561 u,
1009 2491 1059 2566 qui
1081 2493 1118 2548 ab
1139 2491 1242 2549 Alesia

191 2597 234 2652 25
247 2594 454 2664 processerant,
470 2585 580 2653 moesti,
596 2599 682 2702 prope
697 2581 820 2642 victoria
841 2581 1002 2702 desperata,
1017 2599 1049 2638 se
1062 2582 1093 2638 in
1107 2581 1241 2657 oppidum

246 2685 429 2752 receperunt.

287 2763 426 2822 LXXXI
449 2764 514 2822 Uno
528 2763 601 2820 dio
590 2763 760 2829 mtermism,
771 2759 860 2829 Galli,
873 2769 963 2835 atque'
970 2761 1025 2818 boc
1035 2760 1126 2835 spatio
1137 2719 1241 2836 magno

246 2854 380 2920 cratium,
395 2853 551 2921 scalarum,
567 2853 765 2955 harpagonum
779 2857 902 2908 nurnero
916 2848 1027 2918 effeoto,
1043 2849 1137 2906 media
1159 2859 1241 2907 nocte

246 2941 360 2997 silentio
374 2959 410 2996 ax
425 2944 527 2998 castris
540 2942 660 3018 egressi,
670 2942 706 2998 ad
715 2951 893 3018 campestres
904 2942 1078 2997 munitiones
1087 2939 1239 2998 accedunt.

193 3024 235 3091 'ao
248 3028 348 3086 Subito
375 3027 502 3086 clamore
530 3031 651 3098 subluto,
678 3045 737 3106 qua
760 3031 979 3106 significatione,
1005 3029 1055 3104 qui
1083 3030 1114 3085 in
1140 3027 1242 3104 oppido

247 3115 458 3181 obsidebuntur,
487 3116 524 3173 de
550 3137 604 3174 suo
631 3119 756 3178 adventu
784 3137 959 3196 cognoscere
994 3128 1116 3194 possent,
1144 3129 1241 3176 crates

245 3204 397 3282 projicere,
406 3201 512 3274 mutis,
527 3207 648 3280 sagittis,
660 3207 804 3282 lapidibus
818 3218 931 3266 nostros
939 3207 974 3265 ds
985 3207 1062 3270 vello
1074 3207 1239 3282 deturbpre,

249 3294 427 3370 reliquaque,
443 3309 518 3368 quae
540 3293 575 3350 ad
595 3298 837 3372 oppugnationem
859 3297 1239 3374 pertinentadministrare.

248 3385 359 3442 Eodem
385 3391 521 3460 tempore,
547 3383 674 3441 clamore
695 3386 839 3455 exaudito,
865 3387 913 3444 dat
930 3385 1012 3444 'tuba
1035 3383 1152 3463 signum
1180 3389 1241 3444 suis

197 3481 235 3536 35
248 3473 479 3551 Vereingetorix,
495 3484 581 3548 atque
595 3489 632 3528 ex
649 3473 753 3548 oppido
766 3474 873 3532 educit.
916 3475 1025 3545 Nostri,
1042 3485 1072 3532 ut
1086 3477 1240 3550 superiori·

194 3593 198 3603 ι
248 3564 303 3622 bus
324 3563 425 3621 diebus
446 3579 519 3618 suus
540 3562 647 3636 cuique
670 3571 731 3618 erat
755 3562 837 3620 locus
857 3564 1001 3633 delinitus,
1017 3563 1052 3620 ad
1068 3565 1242 3622 munitiones

247 3651 407 3710 accedunt:
430 3649 535 3720 lundis,
553 3649 709 3718 librilibus,
730 3650 917 3726 sudibusque,
932 3671 1007 3728 quas
1027 3651 1057 3708 in
1077 3669 1164 3728 opere
1184 3653 1241 3710 dis-

247 3749 411 3814 posuerant,
427 3757 462 3796 se
476 3737 632 3816 glandibus
646 3737 748 3796 Gallos
770 3747 941 3814 perterrent.
982 3739 1140 3816 Prospectu
1162 3749 1240 3798 tene·

173 3893 179 3902 g
249 3823 311 3882 bris
323 3825 463 3901 adempto,
474 3827 566 3886 muita
578 3825 725 3900 utrimque
733 3824 856 3884 minere
869 3827 1073 3904 ιιιιμιιιιιιιις
1088 3829 1242 3905 complura

1396 557 1403 918 l

1396 951 1403 1304 l
