2826 4336
200 255 244 316 Ι]
552 269 596 316 os
614 265 719 316 ιιιιο
738 266 880 314 erarico
896 256 902 272 ’
1083 263 1150 318 ren.
1158 268 1196 318 s,
1203 269 1242 310 ιι.

250 405 348 482 Atque
362 408 466 465 nostris
479 405 617 466 militibus
633 405 848 472 cunctantibus,
863 403 989 460 maxime
1010 411 1125 476 propter
1146 401 1240 460 altitu·

249 493 345 552 dinem
359 498 456 564 maris,
471 497 521 571 qui
536 494 665 553 decimae
687 495 808 570 legionis
821 491 951 568 aquilam
966 490 1085 559 ferebat,
1100 501 1240 548 contesta-

249 593 296 642 tus
314 584 389 653 deos,
405 595 437 642 ιιι
450 603 485 665 ea
500 603 546 642 res
560 585 678 660 legioni
682 583 805 640 feliciter
819 582 964 638 eveniret:
986 579 1118 648 Desilite,
1137 581 1240 655 inquit,

248 674 507 742 conmilitones,
479 693 535 730 ιιιιι
528 673 634 730 'vultis
649 672 776 747 aquilum
791 671 919 728 hostibus
933 669 1052 745 prodere
1064 688 1072 725 r
1093 687 1147 746 ego
1160 679 1240 726 certe

217 763 237 818 a
249 777 346 818 meum
360 761 550 839 Reipublicae
565 771 651 836 atque
662 761 825 836 imperatori
836 758 963 817 officium
974 757 1150 834 praestitero.
1173 757 1240 814 Hoc

248 867 339 924 quum
354 869 460 927 magna
468 869 538 908 voce
550 851 675 918 dixisset,
688 869 725 905 ex
738 850 806 906 navi
820 867 851 905 se
866 848 995 923 projecit,
1005 857 1090 922 atquo
1100 847 1131 904 ιιι
1145 847 1239 914 hostes

222 955 225 962 ·
249 939 377 1012 aquilam
392 939 468 996 serre
482 939 585 1014 coepit.
628 939 707 996 Tum
721 937 819 1006 nostri,
834 937 973 994 cohortati
987 937 1061 993 inter
1071 953 1111 1004 se,
1126 953 1163 992 ne
1177 945 1238 994 tau-
1334 957 1340 960 ·

248 1034 310 1084 turn
325 1027 450 1084 dedecus
465 1027 671 1095 admitteretur,
687 1027 816 1084 universi
829 1043 866 1083 ex
888 1026 956 1082 nevi
970 1024 1165 1082 desiluerunt:
1187 1025 1239 1082 hos

248 1113 318 1171 item
333 1117 384 1172 alii
398 1135 434 1173 ex
448 1117 587 1192 proximis
600 1117 723 1172 navibus
743 1133 834 1190 quum
854 1115 1078 1190 conspexissent,
1092 1113 1239 1182 subsecuti

199 1207 238 1262 lu
249 1201 377 1261 hostibus
391 1207 666 1282 appropinquarunt.

291 1292 402 1350 XXVI.
425 1295 592 1370 Pugnatum
612 1304 656 1352 est
676 1295 712 1351 ab
733 1294 862 1368 utrisque
884 1293 1008 1363 ιοιιιιις
1031 1292 1119 1350 nostri
1132 1301 1238 1360 tamen,

249 1381 325 1455 quod
339 1400 433 1458 neque
454 1383 568 1442 ordines
587 1399 714 1452 servare,
736 1400 829 1458 neque
849 1381 971 1438 firmiter
987 1381 1239 1456 desideransque

249 1471 333 1545 signa
351 1473 487 1546 subsequi
502 1482 640 1546 poterant,
653 1481 739 1545 atque
753 1472 829 1528 alins
842 1471 901 1526 alia
922 1487 959 1526 ex
972 1471 1049 1538 navi,
1064 1470 1239 1545 quibuscun-

248 1573 306 1629 que
316 1559 406 1632 signis
420 1569 595 1628 occurrerat,
608 1579 638 1616 se
653 1561 839 1633 aggregabat,
848 1575 1021 1632 magnopere
1031 1559 1238 1632 perturbaban-

198 1647 305 1702 Ῑιιιιιι.
347 1644 454 1702 Hostes
467 1665 545 1714 vero,
560 1647 632 1702 notis
645 1646 779 1701 omnibus
793 1644 882 1712 vedis,
899 1645 948 1700 ubi
968 1664 1005 1700 ex
1024 1646 1106 1702 litore
1128 1647 1242 1720 aliquos

247 1731 413 1806 singulares
426 1752 462 1788 ex
483 1733 552 1790 navi
573 1732 755 1807 egredientes
776 1742 992 1806 conspexerant,
1007 1733 1133 1788 incitatis
1156 1737 1242 1808 equis

246 1819 397 1892 impeditos
416 1820 637 1876 adoriebantur:
659 1820 757 1894 plures
778 1837 885 1894 paucos
898 1819 1166 1876 circumsistebant:
1189 1823 1241 1878 alii

247 1905 387 1962 ablatere
410 1917 507 1982 aperto
521 1908 551 1964 in
566 1908 717 1982 universes
730 1907 789 1964 tela
803 1905 1005 1979 conjiciebant.
1046 1906 1133 1971 Quod
1147 1927 1241 1983 quum

247 1993 495 2053 animadvertisset
508 1996 626 2063 Caesar,
648 1995 770 2070 scaphas
784 1995 936 2070 longarum
950 1996 1077 2063 narium,
1093 1996 1163 2053 item
1176 2016 1240 2073 spe.

194 2089 235 2146 20
247 2080 388 2140 culaioria
402 2085 519 2156 navigia
533 2084 672 2141 militibus
687 2083 825 2156 compleri
837 2083 932 2156 jussit,
947 2093 976 2140 et
989 2102 1061 2158 quos
1075 2084 1241 2146 laborantes

246 2180 444 2245 conspexerat,
459 2171 495 2226 iis
508 2169 637 2228 subsidia
647 2170 840 2234 submittebat.
883 2171 992 2241 Nostri,
1008 2172 1094 2230 ιιιιιιιι
1109 2174 1140 2230 in
1160 2176 1241 2234 arido

246 2260 444 2329 constiterunt,
459 2259 520 2316 suis
533 2259 667 2316 omnibus
680 2261 852 2329 consecutis,
861 2261 891 2317 in
906 2261 1001 2318 hostes
1011 2261 1151 2338 impetum
1166 2263 1239 2322 fece-

246 2357 324 2417 ruut,
338 2357 424 2424 atque
438 2367 488 2406 eos
501 2348 531 2405 in
551 2345 652 2425 fugam
672 2348 831 2420 dederunt3
854 2368 948 2425 neque
969 2350 1084 2427 longius
1106 2354 1241 2428 prosequi

246 2447 412 2512 potuerunt,
425 2437 500 2513 quod
515 2438 627 2512 equites
645 2454 765 2494 cursum
780 2447 879 2495 tenere
895 2448 981 2514 atque
995 2439 1120 2497 insulam
1134 2459 1241 2516 capere

195 2533 235 2590 ιιι
247 2545 302 2584 non
325 2536 484 2603 potuerant.
525 2525 591 2584 Hoc
611 2544 702 2583 unum
725 2526 762 2590 ad
783 2528 932 2602 pristinam
955 2526 1099 2586 fortunam
1120 2528 1240 2588 Caesari

247 2615 348 2674 deluit.

288 2703 413 2764 xxvii.
436 2705 543 2764 Hostes
562 2703 671 2782 proelio
691 2706 828 2781 superati,
850 2706 937 2763 simul
958 2715 1044 2781 atque
1066 2726 1098 2764 se
1118 2723 1154 2764 ex
1170 2708 1241 2786 inge

224 2805 429 2866 ·receperunt,
444 2796 540 2851 statim
563 2795 600 2852 ad
620 2794 777 2852 Caesarem
799 2794 909 2871 legatos
929 2795 964 2851 de
985 2811 1057 2870 pace
1080 2797 1239 2854 miseruntr

247 2878 371 2938 Obsides
391 2881 517 2950 daturos,
540 2901 674 2957 quaeque
694 2884 865 2958 imperasset
885 2903 948 2942 sese
969 2881 1105 2954 facturos,
1120 2885 1240 2960 polliciti

194 2951 324 3028 insunt.
367 2966 433 3024 Una
453 2985 522 3024 curn
544 2968 589 3026 his
611 2969 714 3047 legatis
734 2972 883 3030 Commius
897 2971 1022 3033 Atrebas
1044 2975 1129 3042 venit,
1151 2993 1240 3049 quem

246 3069 337 3125 supra
351 3051 616 3113 demonstraveram
628 3077 645 3115 a
658 3060 807 3118 Caesare
800 3079 832 3118 ιιι
844 3059 1023 3118 britanniam
1038 3063 1240 3136 praemissum.-

246 3137 337 3196 Hunc
351 3139 394 3194 illi
408 3159 425 3196 e
439 3143 507 3198 navi
521 3162 680 3218 egressum,
695 3166 787 3223 quum
801 3149 836 3206 ad
851 3169 899 3206 cos
913 3151 1033 3208 oratoris
1047 3149 1158 3206 modo'
1149 3168 1238 3226 impe·

246 3226 349 3284 satoris
360 3228 496 3286 mandata
510 3230 660 3304 perferret,
675 3237 961 3311 comprehenderant,
975 3246 1061 3313 atque
1076 3238 1105 3295 in
1120 3239 1241 3298 vincula

246 3315 451 3391 conjecerant:
471 3326 543 3387 tum,
568 3321 675 3394 proelio
699 3323 784 3392 facto,
810 3327 992 3394 remiserunt,
1016 3336 1045 3384 et
1065 3327 1094 3385 iu
1116 3327 1239 3402 peteuda

193 3413 236 3470 u
246 3423 318 3483 pace
331 3405 395 3480 ejus
409 3407 452 3462 rei
466 3406 583 3482 culpam
597 3409 628 3464 in
642 3409 855 3470 multitudinem
869 3415 1061 3482 contulerunt,
1077 3424 1105 3472 et
1124 3425 1239 3492 propter

167 3503 168 3508 ’
205 3565 207 3568 ¹
246 3495 469 3571 imprudentiam
491 3505 524 3552 ut
547 3497 754 3572 ignosceretur,
777 3503 948 3574 petiverunt.
990 3503 1099 3562 Caesar
1118 3515 1240 3578 questus

245 3583 331 3658 qnod,
346 3603 437 3659 quum
452 3583 528 3642 ultro
548 3586 577 3642 in
598 3587 792 3644 continentem
813 3589 916 3665 legatis
931 3593 1025 3650 missis
1040 3611 1142 3666 pacem
1157 3593 1193 3650 ab
1207 3612 1239 3652 sa

246 3673 392 3744 petissent,
406 3673 517 3732 bellum
531 3676 594 3733 siue
608 3693 699 3732 causa
719 3675 892 3747 intulissent,
908 3679 1058 3754 ignoscere
1073 3680 1238 3756 impruden·

246 3757 304 3816 tias
324 3759 406 3831 dixit,
418 3761 588 3839 obsidesque
608 3764 777 3839 imperarit:
798 3783 923 3842 quorum
943 3768 988 3826 illi
1009 3778 1121 3843 partem
1141 3770 1239 3830 statius
