2804 4312
180 290 234 338 cm.
244 287 334 346 ³4,an
577 287 675 336 uana
692 285 821 338 narnus
976 279 978 284 ’
1179 281 1221 350 w

179 429 285 498 habita,
300 425 458 484 concilium
472 425 587 484 dimisit.
627 423 671 484 Et
684 427 846 486 secundnm
866 446 903 486 ea
917 427 1026 488 multae
1041 447 1169 488 meeum

178 518 375 586 hortabantur,
390 533 481 592 quare
496 517 550 575 sibi
564 533 629 574 eam
644 535 706 574 ram
720 518 902 595 cogitandam
912 528 942 576 et
956 518 1169 595 suscipiendam

178 616 293 685 putaret
303 626 313 680 ;
336 607 366 662 iu
385 606 496 682 primia,
517 605 593 682 quod
615 607 743 676 Aeduos,
759 606 863 666 iratres
883 610 1168 686 consanguineosque

177 714 388 774 saepenumero
401 695 440 752 ab
453 695 564 753 Senatu
585 695 751 772 appellatos,
766 697 795 754 in
816 697 955 755 servitute
976 708 1062 774 etqua
1076 699 1107 756 in
1126 698 1167 756 di-

177 789 252 845 done
267 785 382 846 ridebat
391 783 605 845 Germanorum
614 786 714 855 teneri
723 803 880 862 eorumque
890 787 1002 847 obsides
1013 805 1076 844 esse
1090 787 1199 864 apudn

178 878 359 936 Ariovistum
373 893 409 933 ac
423 875 573 951 Sequanos
586 876 784 952 intelligebat:
803 876 889 952 quod,
905 878 935 934 in
956 887 1035 946 tanto
1048 878 1169 952 imperio

178 965 279 1043 Populi
297 966 434 1034 Romani,
450 965 649 1042 turpissimum
663 965 757 1024 sibiet
767 965 956 1042 Reipublicae
968 985 1034 1025 esse
1048 967 1167 1025 arbitra-

178 1055 272 1112 batur.
328 1055 473 1112 Paulatim
501 1063 599 1112 autem
627 1053 790 1113 Germanas
813 1073 1004 1114 consuescere
1032 1055 1169 1114 Rhenum

177 1145 308 1214 transire,
324 1153 353 1200 et
366 1145 398 1200 in
413 1143 541 1202 Galliam
556 1161 693 1220 magnam
706 1162 808 1202 eorum
827 1144 1040 1202 multitudinem
1060 1146 1168 1214 venire,

178 1233 289 1310 Pop-ulo
312 1233 443 1292 Romano
467 1231 661 1309 periculosum
686 1233 819 1290 videbat:
843 1251 938 1308 neque
962 1234 1017 1290 sibi
1041 1233 1170 1290 homines
1184 1237 1221 1294 10

179 1321 257 1378 feros
285 1339 320 1378 ao
346 1321 484 1378 barbaros
510 1330 721 1398 temperaturos
752 1321 943 1390 existimabat,
971 1322 1051 1396 quin,
1079 1339 1170 1396 quum

178 1427 296 1468 omnem
324 1409 450 1466 Gelliam
475 1420 676 1486 occupassent,
705 1419 736 1466 ut
764 1419 830 1467 ante
856 1409 967 1467 Cimbri
987 1409 1170 1485 Teutonique

179 1499 326 1570 fecissent,
352 1500 381 1556 in
396 1501 577 1561 Provinciam
597 1501 718 1570 exirent,
741 1509 826 1576 atque
840 1499 906 1558 inde
926 1500 956 1556 in
976 1499 1089 1558 ltaliam
1103 1517 1169 1557 con·

178 1589 347 1662 tenderent3
369 1592 538 1666 praesertim
561 1609 653 1666 quum
676 1589 828 1666 Sequanos
852 1609 870 1648 a
894 1589 1048 1648 Provincia
1072 1599 1170 1648 nostm

178 1681 337 1740 Rhodanus
350 1681 499 1739 divideret.
541 1681 658 1747 Quibus
672 1681 759 1738 rebus
771 1699 862 1757 qnam
883 1681 1052 1738 maturrime
1066 1698 1168 1740 occur·
1183 1683 1220 1740 la

178 1771 299 1828 rendum
319 1772 447 1846 putebat.
490 1770 555 1847 lpse
577 1779 675 1829 autem
690 1770 855 1830 Anovbtue
868 1779 960 1828 tantos
974 1771 1028 1828 sibi
1042 1772 1168 1847 spiritus,

177 1869 286 1918 tantam
301 1861 496 1936 arrogantiam
510 1869 682 1936 sumpserat,
696 1870 730 1918 nt
742 1859 879 1918 serendus
892 1879 949 1918 non
964 1861 1122 1920 videretur.

218 1949 357 2008 XXXIV.
381 1950 581 2016 Quamobrem
601 1949 711 2025 placuit
732 1950 769 2020 ei,
791 1960 824 2010 ut
845 1950 881 2014 ad
896 1950 1077 2014 Ariovistum
1090 1951 1168 2028 lega·

179 2049 220 2098 tos
234 2041 367 2108 mitteret,
377 2039 428 2116 qui
442 2039 479 2097 ab
493 2059 528 2098 eo
541 2039 727 2116 postularent,
737 2040 779 2099 uti
793 2039 920 2114 aliquem
935 2039 1032 2098 locum
1042 2039 1170 2098 medinm

180 2131 328 2206 utriusque
339 2129 483 2205 colloquio
491 2129 618 2186 diceret:
633 2128 709 2188 velle
717 2149 781 2187 sese
789 2127 824 2187 de
835 2128 997 2206 Republica
1008 2139 1036 2187 et
1049 2130 1170 2186 summis
1179 2131 1222 2188 20

180 2221 329 2296 utriusque
344 2220 431 2276 rebus
445 2237 514 2277 cum
534 2239 570 2278 eo
590 2234 688 2296 agere.
731 2219 769 2276 Ei
783 2219 919 2296 legationi
941 2219 1106 2276 Ariovistus
1126 2237 1170 2276 re·

179 2309 309 2386 spondit:
331 2309 363 2366 Si
385 2309 455 2384 quid
479 2310 534 2385 ipsi
559 2327 577 2366 a
599 2309 726 2367 Caesare
749 2327 822 2385 opus
844 2317 928 2378 esset,
949 2327 1014 2366 sese
1038 2307 1075 2365 ad
1102 2324 1171 2366 eum

180 2411 335 2458 venturum
349 2399 458 2472 finisse3
481 2401 506 2458 si
526 2401 595 2475 quid
616 2401 667 2458 ille
688 2419 707 2456 e
729 2419 760 2457 ae
775 2400 853 2468 velit,
868 2399 953 2456 illum
967 2397 1004 2456 ad
1017 2417 1049 2456 se
1070 2399 1171 2455 venire

179 2499 318 2566 oportere.
358 2489 512 2548 Praeterea
535 2509 566 2548 se
591 2507 687 2564 neque
711 2490 773 2545 sine
797 2489 928 2545 exercitu
952 2487 983 2544 in
1004 2505 1055 2542 eas
1075 2495 1171 2562 partes

179 2579 297 2638 Galliae
312 2580 408 2636 venire
423 2579 539 2649 audere,
556 2597 629 2658 quas
647 2577 758 2635 Ceasar
778 2573 934 2651 possideret
943 2592 953 2644 ;
974 2591 1069 2646 neque
1087 2591 1170 2630 exar-
1183 2581 1223 2638 23

179 2668 270 2728 citum
294 2669 356 2726 sine
380 2687 485 2745 magno
509 2677 672 2726 commeatu
698 2675 785 2740 atque
809 2661 1003 2720 emolumento
1026 2662 1055 2718 in
1080 2679 1172 2720 unum

179 2759 277 2817 locum
297 2760 467 2818 contrahere
488 2778 588 2835 posse:
609 2758 664 2815 sibi
689 2765 787 2814 autem
808 2754 916 2812 mirum
936 2750 1036 2821 videri,
1051 2750 1120 2828 quid
1141 2751 1171 2810 in

180 2869 234 2907 sua
262 2849 369 2920 Gallia,
397 2868 486 2925 quam
510 2848 586 2907 bello
610 2847 736 2916 vicisset,
762 2855 812 2903 eut
832 2842 961 2914 Caesari,
983 2853 1033 2902 aut
1056 2845 1171 2904 omnino

180 2939 289 3015 Populo
303 2940 435 2996 Romano
449 2939 556 3015 negotii
570 2947 655 2996 esset.

220 3027 347 3086 XXXV.
379 3027 436 3086 His
461 3028 604 3103 responsis
632 3026 668 3084 ad
691 3025 848 3085 Caesarem
872 3024 979 3097 relatis,
1005 3025 1110 3084 iterum
1134 3025 1170 3084 ad
1183 3029 1223 3090 30

179 3137 248 3176 eum
261 3119 371 3176 Ceasar
384 3118 495 3195 legatos
509 3135 579 3175 cum
589 3117 633 3175 hia
647 3115 788 3176 mandatis
799 3117 902 3175 mittit:
923 3116 1078 3187 Quoniam,
1092 3125 1171 3174 tanto

179 3227 233 3266 auo
247 3207 409 3284 Populique
423 3207 547 3264 Romani
561 3206 701 3264 beneficio
720 3206 854 3275 affectus,
869 3223 961 3281 quum
974 3207 1004 3264 in
1018 3205 1172 3265 consulatu

179 3317 233 3356 suo
253 3313 306 3356 rex
326 3308 413 3373 etque
435 3294 548 3354 amicus
568 3315 586 3352 a
606 3295 715 3354 Senatu
736 3297 897 3374 appellatus
917 3306 1001 3367 esset,
1022 3297 1098 3356 hanc
1116 3296 1171 3354 sibi

158 3403 166 3414 ·
181 3385 348 3463 Populcque
363 3386 495 3444 Romano
508 3387 632 3463 gratiam
646 3383 776 3456 referret,
792 3397 825 3444 ut
838 3387 868 3442 in
882 3386 1057 3463 colloquium
1072 3385 1171 3442 venire

180 3475 319 3534 invitatus
331 3472 513 3552 gravaretur,
528 3493 622 3550 neque
637 3474 673 3532 de
687 3475 834 3532 communi
855 3491 887 3530 re
906 3473 1061 3532 dicendum
1075 3471 1129 3526 sibi
1143 3477 1172 3526 et
1184 3477 1224 3532 8⁸

180 3563 413 3640 comanendum
436 3573 567 3640 putaret3
590 3564 663 3622 haec
686 3583 759 3634 esse,
783 3581 859 3639 quae
882 3563 919 3620 ab
939 3581 975 3618 eo
997 3556 1170 3635 postularet:

180 3653 317 3728 primum,
331 3671 370 3712 ne
382 3671 472 3729 quam
482 3653 695 3712 multitudinem
710 3652 858 3710 hominum
869 3649 993 3724 amplius
1005 3657 1085 3704 trane
1095 3644 1173 3702 Rhe.

180 3759 253 3800 num
267 3743 296 3799 in
311 3742 441 3802 Galliam
455 3743 620 3800 traduceret
630 3762 644 3804 ε,
658 3740 762 3800 deinde
775 3735 898 3802 obsides,
912 3753 983 3809 quoa
1004 3733 1122 3790 haberet
1134 3733 1173 3792 ab

181 3829 304 3902 Aeduis,
330 3833 482 3906 redderet3
515 3831 718 3908 Sequanisque
745 3823 932 3902 permitteret.
961 3831 1002 3893 ut,
1030 3839 1103 3898 quos
1129 3823 1173 3884 illi

668 3925 703 3980 3*
