2844 4340
175 307 333 364 carduili]
455 379 458 389 Ι
562 303 658 354 Lim
674 303 842 354 mimus.
1093 313 1096 318 '
1160 299 1227 362 186.

172 455 336 506 versantur.
373 441 453 512 Quid
467 461 537 521 ergo
552 445 609 502 mei
622 443 737 504 consilii
750 444 816 502 esti
851 441 974 514 Facere,
988 445 1167 521 quodnoetri

172 539 305 613 majores,
327 552 513 610 nequaquam
536 533 598 610 pari
623 533 699 592 bello
721 533 905 592 Cimbrorum
932 533 1165 614 Teutonumque,

173 626 324 696 fecerunt3
346 626 397 700 qui
419 625 448 680 in
469 624 572 700 oppida
596 623 747 700 compulsi,
763 641 799 681 ac
819 625 908 682 simili
927 625 1023 702 inopia
1043 627 1165 698 subacti,
1215 669 1219 679 ,

171 734 271 774 eorum
293 711 473 792 corporibus,
486 714 537 788 qui
559 723 653 771 aetate
676 711 793 772 inutiles
807 713 843 770 ad
859 714 968 772 bellum
983 716 1165 788 videbantur,

171 807 260 864 sitam
271 804 583 878 toleravemnqneque
597 821 629 860 se
643 802 771 864 hostibus
785 802 973 862 tradiderunt.
1015 806 1109 882 Cujus
1123 807 1197 874 rei5
1239 831 1241 835 ⁴

171 899 195 956 si
209 898 376 974 exemplum
390 915 446 954 non
462 896 645 964 haberemus,
660 905 758 952 tamen
779 894 920 956 libertatis
933 915 1025 956 causa
1045 899 1164 970 institui,
1210 915 1213 924 ’

173 999 201 1046 et
223 989 344 1064 posteris
364 986 453 1063 prodi,
476 983 705 1062 pulcherrimum
722 985 896 1060 judicarem.
938 987 1101 1065 Numquid
1122 989 1166 1048 illi

171 1079 267 1136 simile
290 1077 365 1135 bello
391 1075 467 1134 fuiti
510 1074 693 1152 Depopulata
717 1073 825 1146 Gallia,
851 1075 971 1146 Cimbri,
1000 1095 1165 1156 magnaque

169 1168 251 1232 illata
271 1167 449 1235 calamitate,
464 1165 571 1223 finibus
590 1159 710 1242 quiderb
730 1166 836 1224 nostris
858 1163 1012 1240 aliquando
1034 1187 1165 1226 excesse-

171 1269 247 1327 runt,
263 1268 350 1332 atque
365 1257 545 1314 alias'tarras
560 1255 723 1330 petierunt3
742 1254 820 1329 jura,
836 1253 925 1329 leges,
942 1273 1035 1330 agros,
1050 1255 1164 1312 liberta·
1180 1262 1218 1318 lo

170 1357 228 1404 tem
252 1347 333 1404 nobis
356 1345 555 1420 reliquerunt:
578 1343 704 1402 Romani
719 1341 871 1418 veroquid
892 1353 992 1417 petunt
1012 1343 1101 1413 aliud,
1114 1353 1166 1402 aut

170 1436 239 1512 quid
255 1436 364 1505 volunt,
380 1434 437 1494 nisi
451 1433 560 1492 invidia
574 1433 701 1502 adducti,
717 1451 789 1507 quos
803 1431 881 1490 fama
896 1432 1006 1492 nobiles
1026 1444 1165 1509 potentes-

171 1545 227 1602 que
249 1525 325 1584 bello
343 1533 553 1602 cognoverunt,
568 1523 671 1582 borum
692 1523 723 1578 in
744 1522 824 1598 agris
838 1521 1061 1599 civitatibusque
1075 1524 1165 1584 cousi·

171 1617 248 1685 dere,
263 1626 350 1692 atque
361 1615 406 1672 bis
420 1623 569 1673 aeternam
590 1613 744 1689 injungere
758 1611 952 1671 servituteml
973 1629 1068 1690 nsque
1088 1615 1167 1674 eninr

172 1723 301 1782 unquam
315 1705 374 1762 alia
388 1703 551 1762 conditione
565 1702 816 1778 bellage'sserunt.
857 1701 980 1768 Quodsi
993 1722 1039 1773 ea,
1049 1723 1125 1780 quae
1136 1705 1166 1762 in
1180 1708 1218 1764 ld

171 1794 335 1872 longinquis
348 1793 512 1852 nationibus
524 1802 676 1869 geruntur,
691 1792 848 1868 ignoratis3
869 1793 1002 1868 respicite
1016 1793 1170 1855 finitimam
1248 1813 1259 1828 ⁴

171 1885 310 1954 Galliam,
324 1903 400 1960 quae
421 1883 451 1942 in
474 1881 658 1943 Provinciam
681 1881 886 1958 redacta,Jure
908 1891 936 1940 et
957 1883 1072 1962 legibus
1091 1903 1166 1945 conr·
1212 1886 1217 1895 “
1255 1948 1258 1954 ,

172 1977 298 2044 mutatis,
313 1973 466 2036 securibus
479 1972 619 2048 subjecta,
635 1981 773 2047 perpetua
787 1973 930 2047 premitur
943 1974 1092 2039 servitute.

212 2063 380 2124 LXXVlll.
403 2062 560 2120 Sententiis
581 2059 665 2119 dictis
679 2061 865 2132 constituunt,
882 2071 922 2130 ut,
936 2063 987 2138 qui
1003 2063 1167 2133 valetudine

172 2166 223 2214 aut
237 2165 330 2213 aetate
345 2154 464 2212 inutiles
477 2153 540 2211 sint,
555 2151 639 2220 bello,
654 2150 757 2228 oppido
777 2151 938 2223 excedant;
962 2163 1047 2227 atque
1072 2155 1168 2213 ornnia
1180 2157 1220 2214 2⁰

172 2247 257 2323 prius
266 2244 461 2320 experiantur,
473 2260 562 2318 quam
573 2240 609 2299 ad
617 2240 778 2317 Critognati
791 2242 963 2301 sententiam
974 2241 1168 2316 descendant:

172 2337 221 2400 ille
234 2345 332 2394 tamen
347 2334 440 2410 potius
454 2331 593 2390 utendum
607 2330 736 2400 consilio,
751 2331 776 2387 si
791 2347 839 2387 res
851 2340 937 2405 cogat
951 2341 1037 2406 atque
1059 2333 1170 2393 auxilia

172 2435 329 2494 morentur,
344 2441 433 2500 quam
454 2431 504 2480 aut
523 2420 674 2479 deditionis
697 2428 747 2476 aut
769 2419 849 2494 pacis
871 2418 1053 2476 subeundam
1073 2421 1168 2478 condi-

172 2516 288 2575 tionem.
332 2512 490 2582 Mandubii,
512 2512 564 2588 qui
585 2529 635 2568 eos
655 2507 757 2584 oppido
779 2515 959 2582 receperant,
979 2525 1048 2564 cum
1071 2506 1170 2566 liberis

171 2615 260 2680 atqua
284 2603 423 2662 uxoribus
443 2603 524 2660 exire
545 2608 701 2676 coguntur.
742 2595 793 2668 Hi,
818 2613 910 2673 quum
935 2595 970 2652 ad
996 2595 1222 2657 munitionesssd

174 2693 371 2756 &manorum
385 2691 586 2762 accessissent,
606 2689 708 2748 dentes
729 2685 863 2748 omnibns
884 2685 1019 2762 precibus
1040 2685 1169 2758 orabant,

171 2795 205 2842 ut
228 2803 269 2852 se,
294 2784 324 2840 in
349 2783 517 2840 servitutem
545 2788 683 2855 receptos,
708 2777 773 2836 cibo
796 2775 943 2857 juvarent.
986 2775 1028 2833 At
1051 2771 1169 2848 Caesar,

172 2873 314 2949 dispositis
328 2873 358 2930 in
373 2871 450 2942 vallo
463 2867 610 2938 custodiis,
626 2867 717 2944 recipi
732 2865 910 2944 prohibebat.

177 3009 180 3016 ⁴
212 2960 352 3021 LXXIX.
374 2959 491 3020 Interea
510 2959 668 3027 Commius,
684 2967 717 3016 et
727 2955 833 3032 reliqui
853 2955 952 3026 duces,
967 2956 1073 3032 quibus
1092 2975 1169 3017 sum-

173 3070 221 3111 ma
244 3052 358 3128 imperii
380 3051 521 3127 permissa
539 3058 611 3118 erat,
628 3065 697 3106 cum
718 3047 853 3104 omnibus
873 3045 964 3123 copiis
986 3045 1022 3106 ad
1038 3047 1172 3109 Alesiam
1184 3049 1222 3108 30

172 3143 355 3220 perveniunt,
370 3140 488 3200 etoolle
509 3139 652 3196 exteriore
672 3146 895 3213 occupaturos
914 3135 1066 3213 longiuara
1081 3137 1176 3213 passi-¹

172 3234 228 3290 bus
241 3232 279 3288 ab
293 3231 399 3288 nostris
413 3225 622 3287 munitionibus
644 3225 806 3291 considunt.
850 3225 966 3290 Postero
979 3225 1026 3284 die
1040 3228 1171 3302 equitatu

173 3303 337 3380 ex⁸castris
359 3319 472 3386 educto,
487 3333 602 3374 omnem
616 3333 682 3372 eam
697 3315 855 3390 planitiem,
869 3333 959 3391 quarn
973 3315 1003 3372 in
1018 3313 1170 3390 longitudi-

173 3429 240 3469 nem
260 3428 297 3468 ιιι
319 3408 414 3467 millia
438 3423 576 3484 passuum
599 3414 697 3481 patere
722 3393 992 3471 demonstravimus,
1017 3401 1170 3476 complent,

174 3499 378 3577 pedestresque
403 3497 501 3571 copias
523 3495 644 3572 paulum
658 3493 695 3550 ab
709 3512 743 3550 eo
757 3491 821 3550 loeo
836 3491 946 3548 abditas
959 3490 989 3545 iu
1003 3489 1075 3546 locis
1087 3489 1170 3565 supe'·
1184 3491 1224 3546 35

174 3589 298 3648 rioribus
325 3587 514 3646 constituunt.
557 3582 629 3642 Erat
654 3601 690 3640 ex
715 3579 817 3656 oppido
841 3577 944 3636 Alesia
968 3576 1121 3649 despectus
1141 3576 1171 3632 in

175 3695 322 3753 campum.
363 3673 565 3743 concurritur,
579 3674 627 3732 his
640 3670 758 3728 auxiliis
773 3667 860 3724 visis:
881 3665 914 3720 lit
927 3662 1083 3740 gratulatio
1097 3662 1172 3720 inter

175 3785 234 3836 eos,
250 3776 336 3841 atique
357 3763 487 3822 omnium
511 3762 600 3820 animi
623 3759 659 3817 ad
681 3755 821 3814 laetitiam
844 3752 1017 3811 excitantur.
1060 3748 1170 3826 ltaque,

176 3854 324 3933 productis
338 3853 437 3930 copiia
450 3857 516 3910 ante
529 3847 668 3926 oppidum
677 3839 838 3910 considunt,
849 3849 878 3898 et
891 3839 1051 3917 monimum
1066 3838 1171 3910 immin
