2826 4336
214 297 273 358 116
565 309 611 356 nn
628 309 732 356 annno
751 307 894 356 uranico
1098 309 1163 362 [cn.
1176 315 1207 364 n,
1219 314 1243 354 ιε

257 448 359 517 tinere,
374 458 411 517 et,
427 467 478 524 pro
499 447 595 505 nativo
617 465 700 504 muro
719 447 871 522 objectam,
893 445 1058 504 Cheruscos
1079 447 1116 502 ab
1136 447 1250 513 Suavis,

256 533 368 594 Suevos
382 539 418 594 ab
432 537 597 606 Cheruscis,
608 538 722 612 injuriis
736 536 1007 611 incursionibusque
1023 537 1192 611 prohibere:
1215 536 1250 592 ad

256 626 320 701 ejus
334 627 447 684 initium
461 626 551 684 silvae
566 627 677 684 Suevos
691 626 847 684 adventum
869 625 1067 683 Romanorum
1082 635 1251 700 exspectare

255 717 447 774 constituisse.

223 809 242 864 b
297 803 348 862 XI.
369 806 516 872 Quoniam
531 806 567 862 ad
581 805 660 863 hunc
674 805 771 864 locum
786 814 955 881 perventum
976 813 1029 874 est,
1044 823 1101 862 non
1123 805 1253 862 alienum

255 913 319 952 esse
333 895 455 965 videtur,
471 895 506 953 dc
522 895 637 952 Galliae
653 895 886 971 Germaniaeque
907 895 1044 962 moribus,
1059 905 1087 952 et
1100 914 1157 970 quo
1171 894 1249 952 diffe-

256 994 321 1042 rant
335 1005 387 1042 ene
402 987 531 1042 nationes
545 985 620 1042 inter
633 1005 706 1054 sese,
718 1003 885 1062 proponere.
928 983 961 1041 In
973 983 1071 1042 Gallia
1085 1002 1141 1040 non
1155 983 1250 1040 solum

255 1074 285 1130 in
305 1076 438 1132 omnibus
459 1075 633 1144 civitatibus,
649 1083 735 1150 atque
756 1075 785 1130 in
806 1075 939 1132 omnibus
956 1074 1037 1150 pagis
1051 1072 1249 1148 partibusque,

255 1163 306 1220 sed
318 1183 409 1240 paene
420 1166 507 1223 etiam
517 1166 546 1222 in
555 1165 679 1242 singulis
687 1164 818 1222 domibus
832 1163 970 1222 factiones
984 1171 1068 1218 sunt:
1089 1179 1250 1236 earumque

206 1251 413 1312 rosconmon
436 1255 581 1332 principes
603 1265 678 1323 sunt,
693 1255 744 1330 qui
766 1272 910 1312 summam
931 1251 1129 1309 auctoritatem
1148 1269 1251 1308 eorum

252 1342 363 1418 judicio
372 1346 478 1403 habere
488 1346 699 1414 existimantur,
709 1363 831 1420 quorum
843 1343 878 1400 cd
889 1343 1040 1401 arbitrium
1047 1341 1249 1418 judiciumque

221 1473 224 1482 ·
255 1450 369 1494 summa
390 1437 520 1492 omnium
542 1453 638 1492 rerum
660 1435 902 1508 consiliorumque
924 1433 1033 1490 redeat.
1076 1430 1165 1506 ldque
1186 1431 1250 1505 ejus

254 1525 297 1580 rei
312 1544 401 1582 causa
412 1525 568 1598 antiquitus
580 1524 742 1580 institutum
754 1523 876 1590 videtur,
888 1531 924 1578 ne
936 1523 1002 1596 quis
1011 1540 1046 1578 ex
1058 1520 1141 1596 plebe
1151 1530 1251 1576 contra

254 1613 440 1684 potentiorem
454 1611 556 1668 auxilii
570 1621 667 1686 egeret
680 1631 686 1666 :
701 1631 769 1668 suos
783 1611 861 1668 enim
875 1611 998 1685 quisque
1012 1610 1136 1686 opprimi
1149 1618 1178 1666 et
1193 1610 1249 1666 oir-

141 1702 143 1708 '
204 1701 240 1754 15
254 1701 416 1756 cumveniri
441 1717 496 1755 non
518 1699 633 1774 patitur,
653 1717 756 1773 neque,
778 1699 862 1754 aliter
882 1699 907 1754 si
930 1697 1046 1768 iaciant,
1063 1699 1153 1757 ullam
1175 1699 1250 1756 inter

253 1788 320 1844 s'ucs
342 1787 448 1842 habent
468 1787 678 1842 auctoritatem.
721 1785 804 1843 Haec
825 1785 927 1842 eadent
947 1787 1019 1842 ratio
1031 1787 1119 1844 estin
1134 1805 1252 1844 summa

252 1875 338 1932 totius
352 1874 467 1932 Gallice
481 1895 487 1930 z
503 1892 630 1949 namque
640 1893 741 1931 omnes
755 1876 887 1932 civitates
901 1875 931 1932 in
946 1885 1042 1948 partes
1056 1875 1168 1938 divisae
1182 1889 1252 1936 sunt

252 1962 335 2018 duas.

294 2051 358 2109 ΧΠ.
391 2051 492 2116 Quum
519 2052 628 2110 Caesar
652 2054 681 2110 in
707 2053 835 2111 Galliam
859 2052 946 2121 venit,
973 2051 1093 2110 alterius
1115 2051 1251 2115 factionis

199 2149 239 2203 20
253 2141 397 2216 principes
419 2151 502 2199 erant
522 2141 626 2214 Aedui,
641 2142 761 2201 alterius
786 2143 925 2217 Sequani.
968 2141 1010 2200 Hi
1030 2161 1122 2218 quum
1143 2163 1195 2220 per
1214 2163 1249 2202 sc

251 2231 348 2289 minus
374 2230 512 2301 valerent,
536 2231 611 2308 quod
632 2251 747 2290 summa
771 2232 928 2290 auctoritas
954 2233 1112 2308 antiquitus
1135 2241 1198 2290 erat
1218 2233 1248 2290 iu

252 2320 374 2391 Aeduis,
390 2339 571 2398 magnaeque
585 2341 685 2379 eorum
701 2319 783 2380 'erant
797 2319 960 2389 clientelae,
977 2321 1138 2378 Germanos
1159 2331 1245 2398 atque

252 2410 433 2469 Ariovistum
455 2411 509 2468 sibi
532 2411 732 2486 adjunxerant,
748 2431 853 2488 eosque
877 2410 912 2467 ad
935 2429 966 2466 se
989 2411 1102 2486 magnis
1120 2409 1243 2484 jacturis

251 2500 561 2577 pollicitationibusque
581 2501 785 2578 perduxerant.
828 2499 947 2558 Proeliis
962 2519 1031 2558 vero
1051 2499 1248 2576 compluribus

144 2621 147 2628 ·
198 2587 336 2654 coiectis
357 2591 604 2668 socordiamque
626 2592 704 2649 omni
726 2590 872 2648 nobilitate
894 2589 1063 2646 Aeduorum
1085 2586 1247 2658 interfecte,

251 2689 363 2738 tantum
378 2683 503 2757 potentia
516 2689 738 2750 antecesserant,
755 2689 786 2736 ut
807 2697 942 2755 magnam
964 2689 1075 2754 partem
1095 2678 1247 2734 clientium

248 2770 288 2828 ab
303 2767 417 2828 Aeduid
437 2771 473 2828 ad
494 2791 525 2828 se
546 2769 777 2839 transducerent,
797 2769 968 2844 obsidesque
983 2768 1020 2824 ab
1034 2767 1071 2824 iis
1084 2767 1247 2842 principum

251 2857 325 2914 filios
347 2863 521 2934 acciperent,
543 2870 572 2918 et
584 2860 709 2936 ,publice
728 2859 829 2934 jurare
850 2865 995 2933 cogerent,
1015 2857 1087 2914 nibil
1102 2875 1132 2913 se
1147 2867 1248 2914 contra

251 2944 400 3019 Sequanos
420 2948 532 3006 consilii
555 2949 677 3007 inituros
688 2969 697 3020 ;
718 2959 749 3006 et
769 2957 880 3024 partem
900 2945 1014 3004 finitimi
1034 2945 1106 3020 agri,
1122 2946 1247 3020 pervim
1312 2959 1313 2962 ’

200 3045 238 3100 30
251 3043 431 3108 occupatam,
443 3036 628 3109 possiderent,
642 3037 814 3112 Galliaeque
829 3036 916 3094 totius
930 3033 1122 3110 principatum
1133 3033 1246 3090 obtine.

252 3129 325 3178 rent.
368 3120 437 3186 Qua
459 3126 630 3184 necessitate
654 3127 797 3184 adductus
819 3125 992 3192 Divitiacns,
1005 3120 1108 3180 auxilii
1130 3123 1247 3195 petendi

251 3227 341 3266 causa
366 3209 488 3268 Romam
512 3211 547 3268 ad
568 3213 708 3272 Senatum
734 3213 888 3291 profectus,
915 3211 1023 3270 infecta
1047 3227 1078 3266 re
1105 3209 1245 3268 redierat.

251 3298 389 3356 Adventu
398 3299 534 3357 Caesaris
544 3299 620 3358 sacta
629 3306 851 3364 commutatione
861 3299 1121 3371 rerum,obsidibus
1131 3299 1247 3358 Aeduis

252 3384 377 3458 redditis,
401 3389 546 3446 veteribus
568 3389 711 3450 clientelis
734 3394 882 3462 restitutis,
906 3393 988 3450 novis
1012 3409 1064 3467 per
1089 3389 1246 3451 Gaesarem
1288 3425 1301 3446 .

200 3495 237 3548 35
251 3479 424 3554 comparatis
446 3476 535 3552 (quod
549 3478 588 3547 bi,
603 3481 700 3554 quise
715 3479 750 3538 ad
764 3500 865 3538 eorum
884 3481 1044 3538 amicitiam
1064 3497 1243 3556 aggregave-

251 3577 325 3636 rant,
341 3567 459 3627 nteliorc
475 3567 635 3626 conditione
653 3579 740 3644 atque
762 3571 898 3644 aequiore
920 3571 1041 3646 imperio
1060 3589 1092 3627 se
1111 3569 1153 3626 uti
1169 3569 1245 3626 vide·

251 3655 343 3731 bant)
357 3656 477 3732 reliquis
493 3657 580 3714 rebus
598 3676 708 3726 eorum,
722 3659 827 3734 gratia,
841 3659 1037 3736 dignitateque
1058 3658 1244 3733 amplificata,

251 3743 379 3820 Sequani
401 3747 596 3822 principatum
624 3747 802 3805 dimiserant.
844 3747 878 3805 ln
905 3764 1005 3806 corum
1032 3747 1131 3806 locum
1159 3747 1247 3805 Remi

251 3843 472 3894 mecenaramz
493 3854 566 3910 quos
587 3836 663 3912 quod
686 3835 851 3912 adaequare
873 3836 950 3913 apud
974 3836 1130 3896 Caesarem
1150 3836 1247 3914 gratie
