2844 4340
191 295 253 359 ιιι)
529 297 574 346 oe
592 295 698 362 nomo
717 291 860 344 nantino
1033 319 1043 328 f
1080 245 1236 348 teum.

238 441 324 501 iliter
347 441 461 507 semite,
488 455 545 500 uno
568 435 645 497 colle
667 431 704 492 ab
730 431 872 492 Romanis
892 431 1091 508 occupatas
1113 431 1238 492 aarum

240 533 410 600 amisissent,
421 530 491 605 quin
501 545 593 603 paene
601 521 1001 602 oiroumvallatiotqueomni
1015 523 1096 582 exitu
1107 531 1136 580 et
1147 523 1238 598 pabu-

199 670 202 680 ,
240 621 345 686 latione
369 619 523 690 interclusi
545 616 731 674 viderentur:
761 612 796 672 od
821 613 901 670 huno
925 612 1123 672 muniendum.
1140 611 1238 670 looum

239 726 338 770 omnes
350 730 370 774 ,a
384 707 625 784 Vercingetorige
639 713 783 762 evocatos.

206 801 226 860 5
281 799 376 858 XLV.
399 799 466 862 Hae
490 816 521 856 re
542 795 667 872 cognita,
682 793 792 852 Caesar
813 793 898 850 mittit
919 792 1084 869 complures
1107 793 1239 869 equitatu

239 900 353 948 turmas
365 909 399 950 eo
413 889 448 946 de
463 887 559 947 media
571 895 673 946 noeto:
689 884 725 942 iis
739 883 871 962 imperat,
886 892 917 940 ut
932 881 1019 960 pau-lo
1032 883 1241 946 tumultuosius

239 981 381 1044 omuibus.
395 980 425 1038 in
448 979 526 1038 loeis
540 983 780 1054 pervagarentur.
823 972 922 1032 Prima
943 971 1010 1030 luae
1032 991 1171 1050 magnum
1186 991 1239 1031 ιιιι.

240 1083 353 1130 merum
368 1069 637 1148 impedimentorum
651 1083 688 1122 ex
703 1064 808 1123 esuris
815 1061 941 1132 detrahi,
954 1062 1157 1139 mulionesque
1171 1071 1241 1122 oum

222 1193 227 1202 ·
241 1160 414 1228 cassidibus,
422 1159 553 1235 equitnm
564 1155 661 1233 speeie
672 1173 708 1213 ao
720 1153 912 1221 simulatione,
923 1152 1049 1212 oollibns
1057 1153 1241 1217 circumvehi

192 1258 229 1316 lo
245 1250 336 1326 jubet.
379 1249 436 1308 His
463 1260 573 1326 pancos
599 1245 682 1307 addit.
703 1245 823 1319 equites,
852 1243 903 1318 qui
931 1241 1018 1303 latius
1045 1243 1242 1303 ostentationis

242 1360 334 1400 eausa
360 1349 547 1418 vagarentur.
601 1335 702 1410 Longa
729 1335 855 1394 oirouitn
884 1332 1001 1394 eosdem
1028 1351 1129 1392 omnes
1159 1334 1242 1412 jubet

243 1441 341 1508 petere
365 1422 508 1507 regiones.
551 1425 635 1486 Haeo
649 1424 757 1502 *procul
771 1441 807 1482 ex
821 1422 924 1499 oppido
934 1423 1166 1492 videbantursut
1179 1433 1243 1484 erat

241 1539 263 1578 a
277 1521 424 1596 Gergovia
438 1519 591 1594 despectus
605 1517 635 1572 in
645 1524 761 1586 asstra3
778 1532 872 1589 nequo
886 1522 966 1572 tanta
979 1514 1079 1588 spatio,
1090 1514 1161 1572 eati
1172 1513 1243 1590 quid

241 1621 327 1678 esset,
343 1609 489 1683 explorari
506 1615 629 1682 poterat.
672 1601 832 1680 Legionem
847 1621 935 1662 uuam
949 1603 1051 1663 eodem
1062 1603 1133 1680 jugo
1146 1605 1242 1676 mittit,

194 1709 230 1767 15
243 1707 272 1754 et
300 1697 421 1772 paulum
447 1713 628 1771 progressam
657 1691 802 1750 inferiore
821 1693 968 1752 constituit
997 1693 1071 1764 loeo,
1102 1694 1244 1770 silvisque

243 1785 381 1844 ooonltat.
434 1785 571 1860 Augetur
601 1781 696 1842 Gallis
723 1782 861 1865 suspicio,
888 1793 977 1858 atque
1001 1801 1103 1844 onmes
1129 1784 1180 1844 illo
1207 1784 1244 1856 ad

199 1947 202 1954 ¹
244 1874 433 1935 munitionem
447 1874 547 1948 copiae
562 1871 766 1932 tradnountur.
798 1870 906 1933 Vacua
920 1883 1017 1934 cestra
1031 1875 1156 1934 hostium
1170 1873 1244 1932 Cae-

244 1980 293 2022 sar
307 1963 497 2038 eouspioatus,
513 1961 596 2019 tectis
610 1961 773 2037 insignibus
786 1981 916 2032 suorum,
929 1964 1139 2040 oooultatieque
1152 1965 1245 2041 signis

245 2050 428 2119 militaribus,
450 2069 532 2110 raros
552 2051 668 2128 milites,
690 2056 726 2108 n'e
751 2071 787 2112 ex
810 2053 913 2130 oppido
934 2054 1245 2126 animadverterentur,

193 2153 233 2210 ιθ
246 2159 282 2202 ex
306 2141 464 2216 majoribus
488 2141 593 2210 oostns
617 2141 648 2198 in
672 2142 785 2204 minora
809 2143 953 2216 traduoit3
977 2143 1147 2222 legatisque,
1173 2164 1247 2221 quos·

245 2231 375 2308 singulis.
390 2231 552 2308 legionibus
577 2229 766 2308 praefecerat,
782 2233 851 2308 quid
872 2233 936 2296 fieri
951 2235 1030 2304 velit,
1051 2235 1193 2294 ostendit:
1215 2237 1246 2296 iu

246 2323 348 2402 primis
361 2332 466 2392 monet,
482 2332 514 2380 nt
534 2323 699 2380 ooodoeant
720 2323 794 2386 milit
783 2333 836 2393 tes,
852 2341 888 2380 ns
907 2324 1002 2382 studio
1023 2325 1192 2402 pugnandi,-
1187 2335 1247 2384 aut

174 2417 178 2422 '
246 2433 297 2492 spe
311 2413 445 2490 praedae,
457 2413 573 2504 longius
587 2401 827 2490 progredienturr
839 2413 911 2489 quid
925 2415 1131 2490 iniquitasiooi
1142 2416 1250 2475 habent

247 2505 428 2573 incommodi,
444 2499 590 2582 proponit.
612 2504 668 2562 hoe
690 2521 751 2560 una
764 2503 921 2562 celeritate
937 2523 1020 2582 posse
1036 2505 1142 2564 ιιιαιιε
1163 2525 1247 2567 oeos

194 2597 335 2668 essionis
358 2616 424 2656 esse
448 2613 520 2665 rem,
541 2613 598 2652 non
623 2593 735 2671 proelii
778 2593 834 2652 His
856 2594 943 2662 rebus
962 2597 1108 2672 expositis,
1130 2598 1248 2674 signnm

247 2687 305 2756 dat,
320 2695 348 2744 et
363 2688 402 2750 ab
413 2687 533 2746 dextera
547 2695 627 2762 parte
642 2685 700 2742 alio
713 2680 840 2745 as'oeusu
861 2684 960 2750 eodem
985 2695 1113 2763 ternpore
1127 2686 1249 2744 Aeduos

209 2778 343 2838 ιιιιιιιι

289 2865 399 2930 XLVI
423 2865 530 2942 Oppidi
553 2883 658 2925 murus
678 2866 715 2922 ab
735 2865 870 2942 planitie
877 2827 967 2941 atque
992 2867 1074 2924 initio
1100 2885 1247 2936 aseensus,

248 2963 329 3008 reeta
344 2955 470 3029 regione,
494 2956 519 3011 si
540 2957 640 3013 nullus
662 2955 822 3016 amfractus
844 2955 1044 3025 intercederet,
1066 2971 1125 3016 arou
1145 2975 1252 3034 possus

197 3051 236 3117 tto
250 3041 358 3098 aberet
408 3042 560 3118 Quidquid
588 3046 658 3106 huie
684 3047 829 3109 oireuitus
856 3045 892 3104 ed
921 3045 1109 3108 molliendum
1138 3047 1249 3106 olivum
1305 3091 1311 3098 .

250 3138 423 3210 oooeesorat,
437 3131 466 3188 id
480 3133 607 3206 spatium
627 3135 739 3195 itineris
755 3136 890 3212 augebat
933 3136 975 3194 At
988 3132 1083 3210 medio
1098 3133 1160 3194 sere
1174 3136 1249 3194 oolla

249 3221 279 3279 in
294 3219 512 3296 longitudinem,
527 3233 558 3279 ut
573 3232 677 3281 natura
692 3225 796 3286 ιιιιιιιιὶι
811 3224 930 3296 ferebat,
946 3243 983 3285 ex
998 3225 1158 3302 grandibus
1171 3225 1250 3286 saxis

249 3329 301 3380 aen
324 3307 429 3386 pedum
454 3326 581 3380 murum,
596 3313 646 3386 qni
667 3325 831 3378 nestrorum
852 3317 993 3418 irnpotmn
1013 3315 1151 3384 tardaret,
1167 3334 1248 3391 prae

248 3403 393 3463 duxerant
417 3401 505 3470 Galli,
527 3411 624 3477 atque,
637 3401 780 3466 inferiore
803 3407 882 3464 οιιιιιι
906 3407 999 3482 spatio
1023 3423 1125 3464 vaano
1139 3406 1249 3476 relicto,

198 3505 238 3564 ab
250 3493 430 3572 superiorem
445 3501 555 3570 partem
570 3489 652 3558 oollis
668 3511 759 3568 usque
775 3494 811 3552 od
824 3513 943 3558 murum
957 3495 1052 3576 oppidi
1071 3495 1251 3558 densissimis

213 3655 216 3662 ,
249 3585 593 3662 eastrisoomplevoront.
636 3581 752 3654 Milites,
768 3583 834 3649 dato
850 3587 944 3662 signo,¹
957 3587 1093 3645 celeriter
1107 3585 1143 3644 ad
1157 3586 1250 3644 muni.

250 3677 356 3742 tionem
368 3677 549 3752 perveniunt,
559 3691 683 3750 eamque
692 3677 873 3751 transgressi,
884 3677 968 3736 trinis
977 3677 1081 3734 eastris
1092 3675 1249 3752 potiuntur.

252 3765 302 3822 Ao
322 3775 401 3824 tanta
422 3765 477 3824 fuit
497 3767 527 3825 in
548 3763 697 3840 capiendis
718 3765 822 3823 castris
842 3765 987 3835 oelaritas,
1003 3775 1035 3824 ut
1050 3765 1251 3834 Teutomatus,

252 3867 306 3908 res
329 3851 537 3928 Nitiobrigum,
550 3854 646 3915 subito
658 3855 690 3910 in
702 3851 893 3916 tabemooulo
905 3869 1069 3930 oppressio,
1085 3864 1118 3916 ut
1131 3853 1253 3914 meridie
