2830 4326
180 275 221 336 aa
535 279 578 328 nn
597 277 703 326 annm
720 275 863 324 caturco
1095 277 1161 334 [cir.
1172 283 1224 332 aa

229 418 339 479 fortiter
352 435 525 496 repugnare,
540 435 634 491 neque
656 415 749 472 ullum
771 412 878 471 frustra
898 413 989 474 telum
1003 429 1041 472 aa
1062 413 1126 472 loco
1139 433 1224 492 supe.

228 509 303 568 tiore
311 509 438 566 mittere:
462 516 493 564 ut
506 522 639 581 quaeque
653 521 721 580 pars
731 513 892 562 castrorum
906 503 1014 560 nudata
1025 502 1226 566 defensoribus

228 596 319 673 premi
334 595 495 665 videbatur,
510 613 544 652 eo
567 612 724 652 occurrere
748 604 778 651 et
801 593 944 652 auxilium
970 591 1064 652 serre:
1096 593 1146 652 sed
1168 596 1224 656 hoo

227 685 366 762 superari,
394 684 471 760 quod
498 684 686 744 diuturnitate
713 701 829 761 pugnae
857 682 952 742 hostes
979 681 1085 742 defessi
1113 686 1224 761 proelio

195 775 412 845 bexcmebant,
426 775 476 834 alii
490 777 611 852 integris
625 775 736 833 viribus
749 775 961 834 succedebant:
982 794 1107 854 quarum
1122 795 1223 836 rerum

227 866 366 952 aonosttis,
376 874 489 942 propter
503 865 687 942 paucitatem,
702 865 765 922 fieri
779 865 851 922 nihil
866 875 995 942 poterat;
1011 879 1054 924 'ac
1068 885 1124 924 non
1139 866 1224 926 modo

226 955 337 1016 causeo
351 974 388 1014 ex
403 973 501 1034 pugna
521 955 688 1026 excedendi,
704 956 754 1014 sed
776 974 813 1014 ne
827 957 927 1016 saucio
940 957 1057 1032 quidem
1071 957 1136 1034 ejus
1154 958 1223 1029 loci,

227 1047 276 1105 ubi
291 1047 465 1116 constiterat,
476 1046 667 1123 relinquendi,
678 1067 713 1106 ac
724 1047 770 1122 sui
785 1047 943 1124 recipiendi
955 1045 1079 1109 facultas
1087 1047 1222 1106 dabatur.

266 1136 306 1194 V.
328 1137 429 1204 Quum
451 1137 513 1214 jam
528 1137 654 1214 amplius
674 1137 753 1198 horis
766 1152 816 1196 aex
831 1138 1011 1198 continenter
1032 1147 1224 1216 pugnaretur,

177 1231 213 1289 l⁰
227 1247 262 1299 ac
284 1246 340 1286 non
359 1227 454 1286 solum
469 1229 546 1286 vires
569 1228 619 1286 sed
641 1228 727 1286 etiam
749 1227 808 1286 tela
830 1229 935 1286 nostris
955 1228 1120 1298 delicerent,
1136 1237 1224 1304 atque

226 1317 321 1376 hostes
349 1318 446 1376 acrius
474 1319 626 1388 instarent,
653 1318 940 1396 languidioribusque
967 1319 1081 1390 nostris,
1110 1319 1223 1378 vallum

226 1406 357 1468 scindere
378 1417 407 1466 et
429 1406 519 1466 fossas
541 1408 687 1484 complere
708 1409 876 1485 coepissent,
892 1425 997 1484 resque
1011 1418 1087 1468 esset
1108 1408 1170 1484 jam
1185 1407 1223 1468 ad

225 1507 389 1558 extremum
414 1497 553 1573 perducta
577 1517 688 1568 casnm,
717 1497 750 1554 P.
776 1497 894 1556 Sextius
920 1497 1059 1568 Baculus,
1085 1498 1225 1575 primiplli

225 1587 368 1657 centurio,
381 1605 470 1663 quem
491 1587 621 1652 Nervico
643 1587 751 1664 proelio
766 1587 963 1664 compluribus
977 1586 1143 1648 conlectum
1157 1588 1222 1646 vul-

176 1682 212 1738 15
224 1678 343 1736 neribus
356 1677 491 1746 diximus,
507 1687 537 1734 et
555 1678 625 1736 item
638 1677 673 1734 C.
686 1676 862 1746 Volusenus,
874 1676 1011 1734 tribunus
1025 1677 1159 1746 militum,
1175 1679 1224 1736 vir

225 1777 253 1826 et
277 1767 389 1826 oon'silii
411 1767 510 1844 magni
533 1775 563 1824 et
582 1766 705 1834 virtutis,
728 1766 764 1822 ad
789 1764 915 1824 Galbam
939 1775 1107 1836 accurrunt,
1134 1776 1224 1844 atque

225 1851 314 1914 unam
326 1876 389 1914 esse
404 1873 484 1934 spem
497 1855 599 1914 salutis
613 1854 724 1924 docent,
739 1855 773 1925 si,
788 1855 938 1930 eruptione
953 1853 1039 1924 lacta,
1055 1865 1224 1916 extremum

224 1947 367 2006 auxilium
393 1945 604 2022 experirentur.
659 1943 770 2021 ltaque,
799 1945 965 2004 convocetis
992 1947 1221 2019 centurionibus¹

224 2035 358 2094 celeriter
372 2036 480 2094 milites
492 2035 630 2094 certiores
652 2033 729 2105 iecit,
745 2034 891 2112 paulisper
905 2035 1125 2096 intermitterent
1139 2055 1222 2115 pme·

171 2135 212 2192 20
224 2123 306 2194 lium,
322 2145 357 2184 ac
377 2125 574 2186 tantummodo
593 2125 651 2184 tela
665 2126 753 2183 missa
767 2125 945 2200 exciperent,
960 2146 1049 2202 aeque
1063 2147 1100 2184 ex
1121 2127 1223 2187 labore

225 2215 393 2274 reficerent:
423 2225 495 2292 post,
520 2215 585 2276 dato
609 2215 701 2292 signo,
726 2234 763 2272 ex
787 2215 890 2274 castris
912 2227 1107 2293 erumperent,
1133 2228 1221 2294 atque

224 2323 341 2364 omnem
353 2325 435 2382 spem
448 2306 550 2365 salutis
563 2307 594 2362 in
608 2306 714 2366 virtute
729 2315 878 2382 ponerent.

228 2441 231 2448 .
263 2393 317 2454 VI.
340 2395 427 2461 Quod
446 2397 521 2473 jussi
542 2405 618 2465 sunt,
641 2393 771 2466 iaciunt3
786 2413 837 2461 ,ac
860 2395 955 2454 sabim
978 2397 1112 2454 omnibus
1132 2399 1222 2475 portis

224 2486 373 2561 eruptione
399 2484 484 2556 iactu,
507 2505 602 2562 neque
628 2485 821 2563 cognoscendi
842 2484 913 2562 quid
940 2487 1030 2558 fieret,
1054 2506 1149 2564 neque
1173 2489 1222 2550 eui

171 2575 390 2654 recolligendi,
410 2577 539 2640 hostibus
562 2575 731 2634 facultatem
756 2575 934 2652 relinquunt.
977 2577 1021 2636 Ita
1044 2587 1223 2638 commutata

224 2665 348 2738 fortuna,
363 2687 421 2738 eos,
435 2669 486 2745 qui
510 2669 541 2726 in
563 2687 644 2745 spem
666 2667 864 2745 potiundorum
888 2679 1048 2726 castrorum
1070 2678 1220 2740 venerant,
1304 2725 1319 2744 „-

224 2757 351 2832 undique
365 2759 579 2818 circumventos
593 2758 790 2832 interficiunt3
815 2767 844 2816 et
864 2776 901 2816 ex
921 2756 1070 2817 hominum
1091 2758 1221 2816 millibus

223 2844 349 2920 amplius
373 2847 500 2922 triginta,
514 2865 602 2922 quem
616 2865 772 2904 numerum
797 2847 986 2906 barbarorum
1004 2849 1040 2906 ad
1061 2859 1157 2907 castra
1171 2867 1218 2907 ve-

223 2933 299 2988 nisse
313 2935 470 3003 constabat,
492 2936 558 3009 plus
571 2937 657 2994 tertia
681 2947 763 3013 parte
785 2936 947 3006 interfecta,
963 2938 1090 3014 reliquos
1110 2948 1219 3014 perter-

172 3029 211 3084 ³0
224 3020 292 3078 titos
305 3020 336 3078 in
356 3018 457 3096 fugam
471 3022 637 3096 conjiciunt,
653 3045 689 3083 ac
703 3045 740 3086 ne
753 3028 783 3084 in
804 3025 876 3085 locis
890 3025 1006 3103 quidem
1021 3027 1220 3104 superioribus

223 3108 379 3169 consistere
403 3110 562 3184 patiuntur.
618 3114 678 3184 Sic,
706 3117 839 3175 omnibus
867 3117 991 3174 brutium
1018 3118 1109 3194 copiis
1136 3115 1219 3190 fusis,
1277 3135 1290 3156 ·

224 3197 369 3272 armisque
382 3199 487 3268 exutis,
502 3219 533 3256 se
557 3201 587 3259 in
602 3213 697 3260 castra
718 3206 952 3282 munitionesque
972 3226 1042 3266 suas
1063 3208 1218 3284 recipiunt.

223 3287 290 3352 Quo
316 3287 424 3362 proelio
452 3287 539 3358 facto,
564 3291 640 3365 quod
667 3295 783 3370 saepius
811 3292 957 3354 fortunam
984 3307 1096 3355 tentare
1121 3297 1220 3364 Galba

222 3375 344 3446 nolebat,
355 3384 441 3452 atque
452 3377 509 3436 alio
525 3398 588 3436 sese
602 3380 632 3436 in
646 3380 768 3440 hiberna
777 3384 899 3442 consilio
909 3387 1022 3446 venisse
1037 3385 1219 3458 meminerat,

170 3476 209 3532 35
223 3467 289 3526 aliis
302 3467 465 3525 occurrisse
481 3468 568 3524 rebus
586 3469 707 3538 viderat,
723 3472 852 3529 maxime
873 3472 1012 3533 frumenti
1027 3485 1239 3552 commeatus,

222 3577 279 3634 que
293 3558 390 3634 inopia
409 3566 564 3634 permotus,
580 3568 692 3634 postero
705 3557 751 3616 die
772 3561 905 3620 omnibus
919 3563 985 3638 ejus
998 3564 1055 3624 vici
1078 3551 1227 3624 aediliciis¹

222 3647 357 3716 incensis,
378 3648 409 3706 in
433 3645 616 3706 Provinciam
641 3648 747 3706 reverti
771 3650 934 3711 contendit:
966 3671 1011 3724 uc,
1032 3653 1114 3712 nullo
1138 3654 1219 3714 hoste

222 3736 398 3810 prohibente,
414 3746 464 3795 aut
484 3737 539 3796 iter
552 3737 727 3808 demorante,
742 3738 919 3798 incolumem
929 3740 1074 3819 legionem
1090 3743 1122 3802 in
1136 3743 1217 3804 Nan·

222 3831 326 3895 tuntas,
341 3825 408 3884 inde
421 3827 452 3884 in
466 3826 641 3906 Allobrogas
654 3827 798 3907 perduxit,
812 3828 910 3908 ibique
924 3830 1076 3892 hiemari.
