2844 4340
174 281 306 336 canam
563 281 659 335 LIBER
675 283 826 336 QUINTUS.
1176 281 1220 340 81

173 419 393 486 circumsistunt
407 418 560 488 hominem,
576 429 661 496 atque
676 422 871 479 interficiunt:
892 433 921 481 at
936 423 1033 484 Aedui
1053 427 1167 501 equites

174 509 210 566 ad
225 509 382 566 Caesarem
392 527 491 566 omnes
506 519 698 566 revertuntur.

214 598 298 656 VIII.
321 597 377 656 His
391 599 479 656 rebus
496 601 594 676 gestis,
616 599 746 658 Labieno
764 602 794 658 in
815 604 976 662 continente
990 621 1059 662 eum
1072 605 1165 664 tribua

174 687 379 764 legionibus-et
393 689 528 762 equitum¹
544 689 674 748 millibus
689 690 801 748 duobus
815 693 923 761 relicto,
940 702 971 750 ut
984 703 1082 768 portus
1102 703 1162 752 tue-

174 787 264 846 retur,
286 787 396 833 errem
422 775 641 834 frumentariam
666 779 834 854 provideret,
858 798 990 857 quaeque
1013 783 1044 841 in
1066 782 1197 846 Galliac

173 867 347 942 gererentur
359 876 554 941 cognosceret,
569 868 779 943 consiliumque
800 888 852 944 pro
871 880 997 946 tempore
1018 881 1047 930 et
1061 891 1110 947 pro
1131 891 1169 952 re¹

173 965 299 1030 caperet,
310 955 370 1032 ipse
385 974 454 1012 cnm
464 957 591 1030 quinque
603 957 762 1032 legionibus
771 968 800 1016 et
815 961 878 1035 pari
892 979 1013 1022 numero
1023 963 1161 1037 equiturn,

173 1046 305 1119 quemvin
324 1046 480 1102 continenti
492 1046 689 1122 relinquebat,
705 1048 773 1106 solis
790 1067 898 1106 occasu
918 1067 1008 1110 naves
1028 1053 1120 1120 solvit,
1135 1063 1163 1110 et

173 1134 233 1190 leni
247 1133 350 1192 Africo
364 1145 527 1210 provectus,
541 1135 636 1192 media
650 1137 766 1194 circiter
786 1147 868 1194 nocte
887 1148 972 1196 vento
992 1141 1162 1208 intermisso,

173 1241 294 1280 cursum
316 1243 373 1282 nou
395 1226 497 1294 tenuit,
514 1235 543 1281 et
563 1225 677 1302 longius
697 1226 810 1284 deletus
830 1236 920 1295 aestu,
936 1238 998 1284 crta
1018 1229 1094 1296 luce,
1108 1229 1163 1284 snb
1180 1232 1219 1326 lit

172 1314 289 1370 sinistra
302 1313 483 1372 Britanniam
497 1315 628 1372 relictam
646 1317 803 1390 conspexit.
847 1315 926 1372 Tum
940 1333 1051 1383 rursus,
1067 1328 1164 1374 aestus

172 1403 424 1460 commutationem
438 1413 564 1472 secutus,
575 1404 661 1460 remis
675 1404 827 1471 contendit,
838 1412 869 1460 ut
882 1423 946 1460 eam
962 1413 1072 1480 partem
1085 1405 1162 1462 insu-

172 1491 225 1549 lae¹
240 1503 366 1568 caperet,
386 1511 446 1568 qna
467 1494 605 1568 optimum
628 1511 691 1550 esse
714 1509 866 1569 egressum
887 1494 1035 1567 superiore
1056 1501 1162 1550 aestate

172 1591 361 1658 cognoverat.
399 1582 467 1646 Qua
489 1583 518 1638 in
539 1600 572 1640 re
593 1582 746 1640 admodum
765 1580 820 1638 fuit
841 1582 966 1639 militnm
988 1582 1079 1641 virtus
1101 1582 1162 1640 lau-

171 1670 275 1738 danda,
290 1672 340 1744 qui
354 1673 488 1730 vectoriis
502 1673 697 1750 gravibusque
718 1672 851 1748 navigiis,
866 1689 924 1730 uon
943 1671 1104 1730 intermisso
1119 1691 1161 1728 re·
1178 1676 1214 1732 le

171 1758 300 1831 migandi
310 1758 417 1824 labore,
433 1759 585 1834 longarum
598 1763 717 1816 nauium
730 1775 852 1814 cursum
862 1759 1071 1834 adaequarunt.
1102 1762 1161 1820 Ac·

171 1862 287 1903 cessum
308 1853 351 1902 est
368 1844 406 1901 ad
417 1844 601 1902 Britanniam
623 1847 756 1905 omnibus
777 1848 900 1908 neribus
920 1850 1081 1924 ,meridiano
1102 1850 1162 1910 sera

171 1944 316 2010 tempore:
337 1951 432 2008 neque
454 1935 484 1992 in
505 1953 540 1992 eo
562 1935 626 1992 loco
648 1935 737 1994 hostis
757 1945 800 1995 est
821 1937 920 2010 visus3
942 1939 1003 2008 aed,
1019 1949 1050 1996 ut
1065 1951 1162 2015 postea

171 2023 281 2082 Caesar
293 2041 329 2080 ex
351 2024 473 2098 captivis
493 2024 640 2099 comperit,
656 2044 746 2100 quum
769 2044 892 2102 magnae
915 2047 1019 2086 manus
1040 2049 1075 2088 eo
1095 2049 1161 2088 ocn-

170 2113 325 2181 venissent
340 2112 523 2168 multitudine
537 2113 656 2172 nauum
670 2115 847 2190 perterritae,
865 2115 954 2191 (quae
969 2137 1037 2177 cum
1052 2121 1160 2176 annoti-
1173 2121 1217 2182 20

170 2203 216 2258 nis
238 2201 424 2277 privatisque,
444 2219 518 2304 quas
538 2202 584 2258 sui
604 2204 727 2278 quisque
747 2205 888 2260 commodi
903 2205 1020 2276 fecerat,
1036 2209 1163 2283 amplius

170 2309 239 2350 cccc
255 2309 313 2348 unc
324 2299 410 2350 erant
424 2291 505 2348 visne
519 2291 671 2367 tempora)
684 2311 702 2349 a
715 2293 798 2353 litore
814 2293 1015 2364 discesserant,
1036 2315 1072 2352 ac
1085 2317 1116 2354 se
1130 2299 1160 2356 in

170 2381 320 2456 superiora
334 2379 398 2436 loca
412 2379 591 2436 abdiderant.

208 2468 262 2526 lX.
284 2468 402 2537 Cacsar,
417 2469 542 2544 exposito
555 2469 695 2538 exercitu,
710 2480 739 2526 et
752 2470 817 2526 loco
829 2471 932 2528 caenis
952 2471 1053 2530 idoneo
1067 2483 1159 2546 capto,

170 2558 220 2616 ubi
233 2576 270 2616 ex
284 2558 406 2632 captivis
419 2559 560 2634 cognovit,
575 2577 632 2632 quc
646 2559 676 2614 in
690 2559 753 2614 loeo
767 2559 890 2618 bostium
904 2559 1004 2634 copiae
1018 2562 1159 2618 consedis-
1173 2564 1212 2620 25

169 2656 241 2716 sent,
263 2646 426 2704 cohortibus
453 2665 474 2704 x
502 2647 538 2704 ad
565 2665 646 2704 marc
677 2647 793 2715 relictis,
815 2656 844 2704 et
864 2647 1009 2721 equitibus
1027 2667 1088 2717 oco,
1110 2652 1160 2724 qui

169 2736 311 2838 praesidio
324 2736 448 2792 navibus
462 2746 567 2805 essent,
579 2736 615 2792 de
629 2736 713 2794 tertia
727 2736 826 2812 vigilia
841 2736 878 2793 ad
891 2737 985 2796 hostes
1006 2739 1159 2808 contendit,

168 2846 202 2883 ao
216 2827 312 2882 minus
326 2825 436 2884 veritus
455 2825 587 2894 navibus,
602 2825 703 2900 quod
696 2844 726 2881 ιιι
748 2825 830 2885 litore
850 2827 931 2888 molli
952 2837 1037 2902 atque
1063 2839 1167 2906 aperto

169 2915 308 2992 deligatas
336 2915 371 2972 ed
400 2915 555 2972 anchoram
584 2915 783 2990 relinquebat,
813 2926 841 2974 et
869 2917 1010 2993 praesidio
1036 2921 1159 2979 navibus
1216 2911 1225 2920 ³

168 3005 208 3070 Q.
225 3006 342 3062 Atrium
357 3003 508 3082 praefecit
547 2992 620 3106 lpse,
636 3014 722 3062 noctu
736 3023 904 3082 progressus
917 3007 1008 3066 millia
1022 3028 1159 3084 passuum
1173 3011 1213 3066 30

169 3096 285 3152 circiter
307 3113 359 3165 xri,
383 3096 507 3152 hostium
527 3095 625 3169 copias
649 3096 831 3196 conspicatus
854 3108 906 3156 est.
950 3097 1006 3168 Illi,
1029 3102 1159 3176 equitatu

84 3215 88 3224 ·
170 3193 255 3259 atque
269 3185 378 3242 essedis
391 3184 428 3242 ad
441 3185 550 3242 flumen
572 3185 724 3259 progressi,
739 3204 775 3244 ex
796 3185 859 3244 loco
881 3189 1037 3265 superiore
1049 3201 1160 3250 nosnos

169 3274 327 3348 prohibere,
352 3283 381 3332 et
406 3273 547 3350 proelium
572 3275 750 3333 committere
774 3287 938 3352 coeperunt.
980 3279 1102 3355 Repulsi
1123 3281 1161 3338 ab

169 3363 306 3436 equitatu,
322 3382 353 3422 re
367 3364 405 3430 in,
417 3364 507 3420 silvas
527 3362 708 3434 abdiderunt,
722 3364 819 3422 locum
839 3369 917 3426 nacti
937 3367 1052 3444 egregie
1066 3379 1095 3424 et
1109 3387 1157 3422 na-

66 3472 71 3483 ·
168 3459 234 3508 tura
252 3461 280 3508 et
300 3471 386 3528 opere
408 3453 558 3522 munitum,
580 3467 666 3528 quem
686 3453 833 3517 demestiei
852 3457 980 3524 belliue
998 3455 1212 3521 videturesse

170 3557 266 3610 causa,
292 3543 354 3617 jam
383 3551 448 3598 ante
477 3553 734 3618 praeparaverant:
768 3563 836 3600 nam
867 3545 977 3603 crebris
1010 3542 1158 3598 arboribus

170 3631 290 3688 succisis
304 3649 404 3688 omnes
418 3631 554 3688 introitus
568 3641 650 3689 erant
671 3633 826 3707 praeclusit
868 3632 977 3705 Ipsiex
998 3630 1079 3689 silvis
1100 3631 1158 3687 rari

171 3721 397 3797 propugnabant,
412 3731 579 3795 nostrosque
603 3721 678 3778 intra
700 3719 873 3776 munitiones
895 3718 1006 3792 ingredi
1029 3717 1162 3792 prohibe:

171 3805 248 3864 bant.
290 3811 333 3868 At
344 3809 460 3867 ‘utilitas
481 3809 604 3885 legionis
616 3827 669 3876 vrr,
684 3806 826 3864 testudine
848 3803 933 3875 nota,
948 3815 978 3866 et
994 3825 1102 3886 aggere
1121 3808 1162 3870 ed

648 3896 683 3952 8*
