2826 4336
184 299 244 360 lffl
553 301 598 350 DE
609 297 715 348 BELLO
726 295 870 344 centron
1078 291 1145 348 [Gur.
1154 295 1227 340 aest.

233 445 332 514 nostri,
346 439 512 502 tamenetsi
527 439 654 497 abduce
674 441 741 496 etta
763 434 877 494 fortune
901 430 1117 504 deserebantur,
1132 439 1230 488 tamen
1281 455 1288 466 ·

233 551 348 594 omnem
369 551 449 608 spem
469 530 572 588 salutis
586 530 617 586 in
631 528 737 585 virtute
751 525 902 602 ponebant,
917 531 955 591 et,
970 522 1083 597 quoties
1096 539 1230 597 quaeque

233 625 336 682 cohors
360 629 553 699 procurreret,
576 619 613 676 ab
632 636 668 676 ee
689 625 770 694 purte
795 632 918 691 magnus
942 611 1067 670 hostium
1091 629 1231 670 numerus

233 713 365 772 cedebat.
407 712 477 777 Qua
494 729 525 768 re
540 707 752 776 animadversa,
768 705 920 763 Ambiorix
934 703 1121 778 pronunciari
1138 702 1229 777 jubet,

107 857 110 866 .
202 803 265 866 o'ut
288 803 389 879 procul
404 801 463 860 tela
476 801 641 876 conjicient,
655 815 714 856 neu
729 797 846 873 propius
860 792 1021 865 accedant3
1044 803 1073 850 et
1092 810 1179 868 quam
1199 791 1230 848 in

233 901 345 969 purtem
360 891 485 950 Romani
499 891 639 966 impetum
655 885 788 955 fecerint,
804 884 925 942 cedant:
943 883 1059 940 levitate
1072 898 1230 950 armorum,

233 990 262 1038 et
285 981 454 1058 quotidiana
475 978 681 1038 exercitatione
702 975 775 1032 nibil
788 976 825 1032 iis
838 973 937 1035 noceri
957 989 1055 1049 posse:
1076 987 1178 1027 rursus
1197 989 1230 1027 se

234 1069 271 1126 ad
285 1071 369 1146 sigua
383 1069 559 1146 recipientes
572 1068 773 1142 insequantur.

269 1159 396 1218 XXXV.
411 1159 482 1225 Quo
491 1155 734 1234 praeceptoebiis
745 1152 961 1232 diligentissime
971 1150 1127 1218 observato,
1138 1163 1232 1224 quum

184 1257 223 1314 lo
235 1251 390 1326 quaepiam
404 1250 507 1308 cohors
521 1267 558 1308 ex
572 1248 642 1306 orbe
656 1255 822 1304 excesserat
844 1254 932 1320 atque
953 1243 1092 1319 impetum
1113 1238 1231 1307 lecerat,

235 1341 332 1398 hostes
345 1340 528 1400 velocissime
543 1336 737 1414 refugiebant.
780 1333 899 1393 Interim
912 1351 977 1390 eam
999 1343 1110 1409 partem
1129 1328 1233 1386 nudari

235 1448 357 1490 necesse
370 1440 441 1499 erat,
456 1438 485 1486 et
499 1428 536 1486 ab
550 1427 642 1484 latere
662 1436 760 1502 aperto
780 1423 839 1480 tela
862 1422 961 1498 recipi.
1005 1421 1128 1489 Rursus,
1142 1436 1233 1494 quum

235 1519 265 1574 in
281 1537 350 1576 enm
364 1519 471 1586 locum,
487 1515 564 1574 uude
578 1523 661 1572 erant
682 1513 835 1589 progressi,
851 1511 957 1568 reverti
970 1520 1133 1586 coeperant,
1148 1518 1177 1566 et
1197 1509 1234 1566 eb

234 1605 271 1660 iis
284 1607 335 1678 qui
349 1613 506 1672 cesserant,
522 1613 552 1660 et
566 1603 602 1660 ab
616 1603 652 1658 iis
665 1603 716 1676 qui
730 1601 853 1675 proximi
866 1608 1012 1667 steterunt,
1024 1593 1234 1656 circumveniess

185 1698 222 1754 15
235 1692 359 1762 buntur3
382 1693 427 1750 siu
450 1699 548 1748 autem
569 1688 667 1746 locum
689 1698 788 1744 tenere
812 1687 928 1755 vellent,
953 1703 1008 1742 nce
1031 1687 1131 1743 virtuti
1151 1685 1236 1745 locus

235 1779 462 1854 relinquebatur,
477 1795 572 1850 neque
587 1777 624 1833 ab
639 1786 720 1832 tenta
733 1774 916 1830 multitudine
931 1773 1065 1847 conjecta
1086 1773 1145 1830 tela
1166 1793 1235 1834 con.
1264 1825 1266 1828 .

235 1866 301 1924 serti
329 1867 422 1924 vitare
450 1873 590 1940 poterunt.
643 1863 757 1920 Temen
785 1871 825 1920 tot
852 1861 1041 1920 incommodis
1067 1863 1235 1936 conflictati,

235 1955 332 2014 multis
347 1953 518 2014 vulneribus
528 1953 669 2027 ¹acceptis,
685 1951 874 2023 resistebant3
897 1960 926 2008 et
947 1965 1054 2028 magne
1074 1962 1154 2028 parte
1176 1953 1236 2014 diei

234 2051 412 2118 consumpta,
422 2055 514 2117 quum
524 2059 543 2097 a
553 2041 647 2115 primu
657 2039 725 2114 luce
736 2039 772 2097 ad
787 2040 887 2098 horam
896 2045 1030 2098 octavam
1045 2053 1234 2118 pugnaretur,
1297 2067 1303 2075 ²

182 2131 316 2200 cenibil,
341 2130 418 2208 quod
442 2131 511 2207 ipsis
535 2139 611 2188 esset
636 2129 797 2207 indignum,
822 2130 1049 2190 committebant.
1093 2131 1173 2190 Tum
1194 2133 1233 2194 Τ.

234 2220 395 2290 Belveutio,
417 2221 468 2296 qui
488 2220 637 2296 superiore
661 2238 737 2277 anno
759 2221 885 2295 primum
907 2219 1000 2295 pilum
1022 2219 1155 2293 duxerat,
1171 2224 1235 2281 viro

235 2307 300 2368 forti
314 2319 343 2368 et
357 2327 481 2387 magnae
496 2309 683 2378 auctoritatis,
700 2319 856 2384 utrumque
878 2307 974 2366 femur
988 2310 1106 2387 tragula
1120 2313 1234 2388 transji-

234 2399 328 2460 citur:
342 2399 383 2465 Q.
400 2398 552 2466 Luceuius
566 2398 696 2475 ejusdem
710 2397 827 2468 ordinis,
840 2397 993 2458 fortissime
1008 2419 1149 2476 pugnans,
1161 2401 1234 2458 dum

233 2489 435 2548 circumvento
462 2488 522 2546 filio
549 2488 694 2558 subvenit,
718 2487 906 2546 interficitur:
936 2488 973 2546 L.
996 2488 1088 2560 Cotta,
1109 2490 1233 2568 legetus,

184 2583 223 2640 25
235 2595 335 2638 omnes
357 2579 488 2638 cobortes
508 2577 681 2654 ordinesque
701 2577 865 2647 edbertum,
881 2578 910 2636 iu
931 2577 1085 2636 adversum
1098 2599 1131 2638 os
1146 2579 1235 2640 funda

236 2667 420 2728 vulneratur.

277 2757 417 2818 XXXVI.
441 2758 497 2818 His
517 2759 603 2816 rebus
625 2766 772 2834 permotus
792 2758 832 2823 Q.
855 2758 998 2828 Titurius,
1018 2777 1114 2834 quum·
1131 2761 1234 2835 procul

236 2846 437 2921 Ambiorigem
446 2866 515 2905 uos
521 2847 716 2906 cohortantem
726 2848 931 2924 conspexisset,
941 2849 1125 2924 interpretem
1136 2869 1233 2922 suum,

235 2931 290 2988 Cn.
307 2932 484 3008 Pompeium,
501 2935 538 2990 ed
551 2953 620 2992 eum
634 2937 729 3006 mittit,
746 2947 886 3018 rogatum,
903 2935 941 2994 Ut
961 2937 1015 2994 sibi
1037 2938 1254 3014 militibusque

185 3025 224 3082 80
237 3029 347 3094 percat.
390 3019 443 3078 Ille
467 3015 629 3096 epp'elletus
652 3026 814 3102 respondit:
832 3026 868 3084 ¹Si
886 3026 955 3083 velit
973 3042 1075 3082 secum
1096 3027 1233 3102 colloqui,

236 3107 346 3177 licere;
369 3125 486 3182 operere
502 3129 519 3168 e
534 3111 718 3173 multitudine
739 3115 887 3191 impetrari
909 3133 998 3191 posse,
1012 3113 1089 3189 quod
1103 3113 1138 3172 ad
1156 3117 1232 3174 mili·

236 3204 298 3254 tum
312 3195 435 3254 salutern
451 3199 610 3272 pertinset3
627 3202 681 3275 ipsi
695 3221 763 3260 vero
777 3203 848 3262 nihil
863 3197 989 3262 nocitum
1004 3204 1048 3272 iri,
1063 3203 1151 3278 inque
1166 3223 1233 3264 eam

237 3302 300 3342 rem
313 3302 344 3342 se
359 3300 441 3342 suem
456 3285 543 3342 fidem
556 3288 748 3364 interponere.
790 3293 844 3350 Ille
859 3311 928 3351 cum
942 3292 1023 3351 Cotta
1034 3293 1135 3350 saucio
1155 3311 1232 3352 com-

237 3375 374 3443 municat,
390 3373 422 3431 Si
436 3374 577 3444 videatur,
594 3393 691 3454 pugne
707 3389 738 3435 ut
751 3381 893 3439 excedent
902 3402 912 3454 ;
935 3392 1046 3442 etcum
1061 3383 1234 3462 Ambiorige

173 3461 224 3530 '35
237 3482 296 3522 uua
317 3463 537 3540 colloquentur:
559 3483 685 3539 sperare,
701 3469 737 3523 ab
751 3487 786 3526 eo
799 3470 835 3528 de
855 3489 911 3528 suo
931 3491 967 3530 ac
991 3473 1115 3530 militum
1138 3475 1233 3532 salute

236 3551 391 3630 impetrare
403 3571 494 3628 pome.
536 3551 619 3610 Cotte
633 3573 664 3612 se
675 3556 713 3612 ad
728 3568 873 3618 armatum
887 3561 998 3620 bostem
1012 3564 1121 3620 iturum
1135 3575 1233 3641 negat,

237 3649 323 3716 atquc
337 3641 368 3700 iu
381 3661 416 3700 eo
429 3642 564 3703 constitit.

255 3729 432 3830 rxxvu.
455 3732 591 3804 Sabinus,
615 3753 687 3810 quos
711 3733 741 3792 in
766 3739 929 3814 praesentia
953 3741 1082 3798 tribunos
1106 3743 1233 3802 militnm

237 3831 351 3876 circum
374 3839 406 3878 se
429 3821 562 3900 habebut,
586 3832 615 3889 et
639 3824 798 3914 primirum
821 3827 956 3888 ordinum
981 3831 1175 3910 ceaturiques,
1199 3851 1233 3891 ae
