<?xml version="1.0" encoding="UTF-8"?>
<!DOCTYPE html PUBLIC "-//W3C//DTD XHTML 1.0 Transitional//EN"
    "http://www.w3.org/TR/xhtml1/DTD/xhtml1-transitional.dtd">
<html xmlns="http://www.w3.org/1999/xhtml" xml:lang="en" lang="en">
 <head>
  <title>
</title>
<meta http-equiv="Content-Type" content="text/html;charset=utf-8" />
  <meta name='ocr-system' content='tesseract 3.04.00' />
  <meta name='ocr-capabilities' content='ocr_page ocr_carea ocr_par ocr_line ocrx_word'/>
</head>
<body>
  <div class='ocr_page' id='page_1' title='image "./cjuliuscaesarsc00spengoog_0173.png"; bbox 0 0 2826 4336; ppageno 0'>
   <div class='ocr_carea' id='block_1_1' title="bbox 174 295 1215 357">
    <p class='ocr_par' dir='ltr' id='par_1_1' title="bbox 174 295 1215 357">
     <span class='ocr_line' id='line_1_1' title="bbox 174 295 1215 357; baseline 0.004 -7"><span class='ocrx_word' id='word_1_1' title='bbox 174 303 329 357; x_wconf 64' lang='lat' dir='ltr'>castrant</span> <span class='ocrx_word' id='word_1_2' title='bbox 557 296 652 354; x_wconf 61' lang='lat' dir='ltr'>unffi!</span> <span class='ocrx_word' id='word_1_3' title='bbox 669 301 835 350; x_wconf 66' lang='lat' dir='ltr'>Steunene.</span> <span class='ocrx_word' id='word_1_4' title='bbox 1160 295 1215 356; x_wconf 62' lang='grc' dir='ltr'>ιιι</span> 
     </span>
    </p>
   </div>
   <div class='ocr_carea' id='block_1_2' title="bbox 153 441 1229 1951">
    <p class='ocr_par' dir='ltr' id='par_1_2' title="bbox 174 441 1199 1146">
     <span class='ocr_line' id='line_1_2' title="bbox 174 441 1168 520; baseline 0.008 -22"><span class='ocrx_word' id='word_1_5' title='bbox 174 441 364 519; x_wconf 67' lang='lat' dir='ltr'>legionesque</span> <span class='ocrx_word' id='word_1_6' title='bbox 388 459 439 516; x_wconf 87' lang='lat' dir='ltr'>pro</span> <span class='ocrx_word' id='word_1_7' title='bbox 461 441 566 500; x_wconf 85' lang='lat' dir='ltr'>castris</span> <span class='ocrx_word' id='word_1_8' title='bbox 588 441 745 511; x_wconf 83' lang='lat' dir='ltr'>constituit,</span> <span class='ocrx_word' id='word_1_9' title='bbox 760 461 798 500; x_wconf 88' lang='lat' dir='ltr'>ns</span> <span class='ocrx_word' id='word_1_10' title='bbox 811 461 870 518; x_wconf 81' lang='lat' dir='ltr'>que</span> <span class='ocrx_word' id='word_1_11' title='bbox 889 443 1006 508; x_wconf 82' lang='lat' dir='ltr'>snbito&#39;</span> <span class='ocrx_word' id='word_1_12' title='bbox 997 445 1120 520; x_wconf 78' lang='grc' dir='ltr'>ιιιιιριὶσ</span> <span class='ocrx_word' id='word_1_13' title='bbox 1132 443 1168 506; x_wconf 76' lang='lat' dir='ltr'>sb</span> 
     </span>
     <span class='ocr_line' id='line_1_3' title="bbox 175 529 1168 623; baseline 0.001 -34"><span class='ocrx_word' id='word_1_14' title='bbox 175 532 300 592; x_wconf 87' lang='lat' dir='ltr'>hostium</span> <span class='ocrx_word' id='word_1_15' title='bbox 328 529 456 608; x_wconf 76' lang='lat' dir='ltr'><strong>peditatu</strong></span> <span class='ocrx_word' id='word_1_16' title='bbox 483 529 559 588; x_wconf 86' lang='lat' dir='ltr'>fiat.-</span> <span class='ocrx_word' id='word_1_17' title='bbox 586 529 732 588; x_wconf 79' lang='lat' dir='ltr'>Praesidio</span> <span class='ocrx_word' id='word_1_18' title='bbox 760 532 908 623; x_wconf 78' lang='lat' dir='ltr'>legionum</span> <span class='ocrx_word' id='word_1_19' title='bbox 936 531 1038 602; x_wconf 89' lang='lat' dir='ltr'>addito,</span> <span class='ocrx_word' id='word_1_20' title='bbox 1063 533 1168 590; x_wconf 81' lang='lat' dir='ltr'>nostris</span> 
     </span>
     <span class='ocr_line' id='line_1_4' title="bbox 175 600 1166 708; baseline 0.003 -29"><span class='ocrx_word' id='word_1_21' title='bbox 175 623 292 680; x_wconf 85' lang='lat' dir='ltr'>animus</span> <span class='ocrx_word' id='word_1_22' title='bbox 305 629 449 697; x_wconf 83' lang='lat' dir='ltr'>augetur:</span> <span class='ocrx_word' id='word_1_23' title='bbox 459 620 598 690; x_wconf 80' lang='lat' dir='ltr'>hostes,</span> <span class='ocrx_word' id='word_1_24' title='bbox 590 637 620 676; x_wconf 89' lang='lat' dir='ltr'>m</span> <span class='ocrx_word' id='word_1_25' title='bbox 643 619 742 696; x_wconf 83' lang='lat' dir='ltr'>sugam</span> <span class='ocrx_word' id='word_1_26' title='bbox 762 600 894 697; x_wconf 78' lang='lat' dir='ltr'>conjecli,</span> <span class='ocrx_word' id='word_1_27' title='bbox 909 641 941 685; x_wconf 84' lang='lat' dir='ltr'>se</span> <span class='ocrx_word' id='word_1_28' title='bbox 962 622 1015 699; x_wconf 85' lang='lat' dir='ltr'>ipsi</span> <span class='ocrx_word' id='word_1_29' title='bbox 1038 622 1166 708; x_wconf 83' lang='lat' dir='ltr'>multitu·</span> 
     </span>
     <span class='ocr_line' id='line_1_5' title="bbox 175 701 1167 786; baseline 0.004 -20"><span class='ocrx_word' id='word_1_30' title='bbox 175 710 242 768; x_wconf 87' lang='lat' dir='ltr'>dine</span> <span class='ocrx_word' id='word_1_31' title='bbox 253 710 421 786; x_wconf 83' lang='lat' dir='ltr'>impediunt,</span> <span class='ocrx_word' id='word_1_32' title='bbox 434 709 744 786; x_wconf 83' lang='lat' dir='ltr'>utqueaugusticribus</span> <span class='ocrx_word' id='word_1_33' title='bbox 753 709 844 786; x_wconf 78' lang='lat' dir='ltr'>peres</span> <span class='ocrx_word' id='word_1_34' title='bbox 854 711 963 768; x_wconf 83' lang='lat' dir='ltr'>relictis</span> <span class='ocrx_word' id='word_1_35' title='bbox 973 701 1167 770; x_wconf 76' lang='lat' dir='ltr'>coarctantur.</span> 
     </span>
     <span class='ocr_line' id='line_1_6' title="bbox 177 797 1199 875; baseline 0.004 -19"><span class='ocrx_word' id='word_1_36' title='bbox 177 799 257 858; x_wconf 87' lang='lat' dir='ltr'>Tum</span> <span class='ocrx_word' id='word_1_37' title='bbox 272 797 410 874; x_wconf 73' lang='lat' dir='ltr'>Germani</span> <span class='ocrx_word' id='word_1_38' title='bbox 425 800 523 859; x_wconf 84' lang='lat' dir='ltr'>scrius</span> <span class='ocrx_word' id='word_1_39' title='bbox 541 817 632 873; x_wconf 89' lang='lat' dir='ltr'>usque</span> <span class='ocrx_word' id='word_1_40' title='bbox 653 797 689 856; x_wconf 87' lang='lat' dir='ltr'>ad</span> <span class='ocrx_word' id='word_1_41' title='bbox 710 797 884 860; x_wconf 78' lang='lat' dir='ltr'>munitiones</span> <span class='ocrx_word' id='word_1_42' title='bbox 905 809 1077 875; x_wconf 83' lang='lat' dir='ltr'>sequuntur.</span> <span class='ocrx_word' id='word_1_43' title='bbox 1098 845 1100 848; x_wconf 85' lang='lat'>.</span> <span class='ocrx_word' id='word_1_44' title='bbox 1120 800 1199 860; x_wconf 81' lang='lat' dir='ltr'>Fun</span> 
     </span>
     <span class='ocr_line' id='line_1_7' title="bbox 176 879 1170 966; baseline 0.001 -20"><span class='ocrx_word' id='word_1_45' title='bbox 176 907 284 966; x_wconf 71' lang='lat' dir='ltr'>magna</span> <span class='ocrx_word' id='word_1_46' title='bbox 305 888 419 964; x_wconf 77' lang='lat' dir='ltr'>caedes·</span> <span class='ocrx_word' id='word_1_47' title='bbox 455 887 614 956; x_wconf 85' lang='lat' dir='ltr'>Nonnulli,</span> <span class='ocrx_word' id='word_1_48' title='bbox 631 888 740 946; x_wconf 86' lang='lat' dir='ltr'>relictis</span> <span class='ocrx_word' id='word_1_49' title='bbox 760 890 852 966; x_wconf 75' lang='lat' dir='ltr'>equis,</span> <span class='ocrx_word' id='word_1_50' title='bbox 868 888 974 948; x_wconf 74' lang='lat' dir='ltr'>rossem</span> <span class='ocrx_word' id='word_1_51' title='bbox 993 891 1118 950; x_wconf 79' lang='lat' dir='ltr'>transire</span> <span class='ocrx_word' id='word_1_52' title='bbox 1137 879 1170 948; x_wconf 80' lang='lat' dir='ltr'>et</span> 
     </span>
     <span class='ocr_line' id='line_1_8' title="bbox 177 977 1166 1055; baseline 0.002 -21"><span class='ocrx_word' id='word_1_53' title='bbox 177 979 334 1036; x_wconf 78' lang='lat' dir='ltr'>maneriam</span> <span class='ocrx_word' id='word_1_54' title='bbox 347 977 552 1036; x_wconf 81' lang='lat' dir='ltr'>transcendere</span> <span class='ocrx_word' id='word_1_55' title='bbox 566 986 718 1035; x_wconf 85' lang='lat' dir='ltr'>conantur.</span> <span class='ocrx_word' id='word_1_56' title='bbox 761 977 886 1038; x_wconf 84' lang='lat' dir='ltr'>Psnlum</span> <span class='ocrx_word' id='word_1_57' title='bbox 905 977 1034 1055; x_wconf 77' lang='lat' dir='ltr'>legiones</span> <span class='ocrx_word' id='word_1_58' title='bbox 1047 979 1166 1050; x_wconf 82' lang='lat' dir='ltr'>Caesar,</span> 
     </span>
     <span class='ocr_line' id='line_1_9' title="bbox 176 1067 1166 1146; baseline 0.005 -22"><span class='ocrx_word' id='word_1_59' title='bbox 176 1087 249 1144; x_wconf 87' lang='lat' dir='ltr'>quas</span> <span class='ocrx_word' id='word_1_60' title='bbox 271 1087 321 1143; x_wconf 84' lang='lat' dir='ltr'>pro</span> <span class='ocrx_word' id='word_1_61' title='bbox 341 1067 418 1146; x_wconf 73' lang='lat' dir='ltr'>uelle</span> <span class='ocrx_word' id='word_1_62' title='bbox 438 1067 634 1135; x_wconf 86' lang='lat' dir='ltr'>constituerat,</span> <span class='ocrx_word' id='word_1_63' title='bbox 650 1068 810 1142; x_wconf 84' lang='lat' dir='ltr'>promoveri</span> <span class='ocrx_word' id='word_1_64' title='bbox 832 1068 926 1142; x_wconf 85' lang='lat' dir='ltr'>jubet.</span> <span class='ocrx_word' id='word_1_65' title='bbox 968 1069 1035 1126; x_wconf 91' lang='lat' dir='ltr'>Non</span> <span class='ocrx_word' id='word_1_66' title='bbox 1049 1071 1166 1141; x_wconf 83' lang='lat' dir='ltr'>minua,</span> 
     </span>
    </p>

    <p class='ocr_par' dir='ltr' id='par_1_3' title="bbox 153 1155 1221 1592">
     <span class='ocr_line' id='line_1_10' title="bbox 153 1155 1168 1234; baseline -0.004 -16"><span class='ocrx_word' id='word_1_67' title='bbox 153 1211 157 1218; x_wconf 89' lang='lat'><em>.</em></span> <span class='ocrx_word' id='word_1_68' title='bbox 176 1159 227 1234; x_wconf 90' lang='lat' dir='ltr'>qui</span> <span class='ocrx_word' id='word_1_69' title='bbox 240 1159 318 1218; x_wconf 86' lang='lat' dir='ltr'>intra</span> <span class='ocrx_word' id='word_1_70' title='bbox 331 1157 504 1216; x_wconf 70' lang='lat' dir='ltr'>munitiones</span> <span class='ocrx_word' id='word_1_71' title='bbox 518 1165 609 1224; x_wconf 85' lang='lat' dir='ltr'>erant,</span> <span class='ocrx_word' id='word_1_72' title='bbox 627 1155 707 1216; x_wconf 82' lang='lat' dir='ltr'>Galli</span> <span class='ocrx_word' id='word_1_73' title='bbox 722 1157 946 1232; x_wconf 80' lang='lat' dir='ltr'>perturbentur:</span> <span class='ocrx_word' id='word_1_74' title='bbox 967 1158 1060 1214; x_wconf 85' lang='lat' dir='ltr'>veniri</span> <span class='ocrx_word' id='word_1_75' title='bbox 1079 1159 1115 1214; x_wconf 88' lang='lat' dir='ltr'>ad</span> <span class='ocrx_word' id='word_1_76' title='bbox 1136 1177 1168 1214; x_wconf 89' lang='lat' dir='ltr'>se</span> 
     </span>
     <span class='ocr_line' id='line_1_11' title="bbox 176 1245 1221 1322; baseline -0.004 -16"><span class='ocrx_word' id='word_1_77' title='bbox 176 1247 326 1308; x_wconf 78' lang='lat' dir='ltr'>confestim</span> <span class='ocrx_word' id='word_1_78' title='bbox 348 1247 552 1314; x_wconf 73' lang='lat' dir='ltr'>existimantes,</span> <span class='ocrx_word' id='word_1_79' title='bbox 569 1245 604 1306; x_wconf 84' lang='lat' dir='ltr'>ed</span> <span class='ocrx_word' id='word_1_80' title='bbox 622 1263 708 1304; x_wconf 85' lang='lat' dir='ltr'>erma</span> <span class='ocrx_word' id='word_1_81' title='bbox 728 1245 928 1309; x_wconf 78' lang='lat' dir='ltr'>conclamant:</span> <span class='ocrx_word' id='word_1_82' title='bbox 951 1247 1083 1304; x_wconf 82' lang='lat' dir='ltr'>nonnulli</span> <span class='ocrx_word' id='word_1_83' title='bbox 1104 1263 1167 1322; x_wconf 85' lang='lat' dir='ltr'>per·</span> <span class='ocrx_word' id='word_1_84' title='bbox 1182 1249 1221 1306; x_wconf 77' lang='lat'>1⁰</span> 
     </span>
     <span class='ocr_line' id='line_1_12' title="bbox 176 1333 1168 1414; baseline 0 -20"><span class='ocrx_word' id='word_1_85' title='bbox 176 1337 267 1396; x_wconf 86' lang='lat' dir='ltr'>territi</span> <span class='ocrx_word' id='word_1_86' title='bbox 292 1338 322 1395; x_wconf 90' lang='lat' dir='ltr'>in</span> <span class='ocrx_word' id='word_1_87' title='bbox 343 1335 480 1414; x_wconf 89' lang='lat' dir='ltr'>oppidum</span> <span class='ocrx_word' id='word_1_88' title='bbox 502 1337 676 1411; x_wconf 88' lang='lat' dir='ltr'>irrumpunt.</span> <span class='ocrx_word' id='word_1_89' title='bbox 720 1333 944 1410; x_wconf 76' lang='lat' dir='ltr'>Vercingetorix</span> <span class='ocrx_word' id='word_1_90' title='bbox 964 1335 1047 1409; x_wconf 78' lang='lat' dir='ltr'>jubet</span> <span class='ocrx_word' id='word_1_91' title='bbox 1070 1343 1168 1409; x_wconf 75' lang='lat' dir='ltr'>portae</span> 
     </span>
     <span class='ocr_line' id='line_1_13' title="bbox 176 1421 1170 1500; baseline -0.002 -16"><span class='ocrx_word' id='word_1_92' title='bbox 176 1426 283 1495; x_wconf 92' lang='lat' dir='ltr'>claudi,</span> <span class='ocrx_word' id='word_1_93' title='bbox 298 1445 335 1484; x_wconf 88' lang='lat' dir='ltr'>ne</span> <span class='ocrx_word' id='word_1_94' title='bbox 356 1435 453 1500; x_wconf 84' lang='lat' dir='ltr'>castra</span> <span class='ocrx_word' id='word_1_95' title='bbox 473 1424 630 1482; x_wconf 87' lang='lat' dir='ltr'>nudentur.</span> <span class='ocrx_word' id='word_1_96' title='bbox 674 1421 777 1487; x_wconf 82' lang='lat' dir='ltr'>Multis</span> <span class='ocrx_word' id='word_1_97' title='bbox 790 1421 956 1492; x_wconf 75' lang='lat' dir='ltr'>interiectis,</span> <span class='ocrx_word' id='word_1_98' title='bbox 972 1423 1170 1500; x_wconf 66' lang='lat' dir='ltr'>compluribus</span> 
     </span>
     <span class='ocr_line' id='line_1_14' title="bbox 176 1513 971 1592; baseline -0.004 -18"><span class='ocrx_word' id='word_1_99' title='bbox 176 1517 258 1591; x_wconf 89' lang='lat' dir='ltr'>equis</span> <span class='ocrx_word' id='word_1_100' title='bbox 272 1517 374 1592; x_wconf 85' lang='lat' dir='ltr'>ceptis,</span> <span class='ocrx_word' id='word_1_101' title='bbox 391 1513 533 1573; x_wconf 81' lang='lat' dir='ltr'>Germani</span> <span class='ocrx_word' id='word_1_102' title='bbox 547 1533 612 1580; x_wconf 85' lang='lat' dir='ltr'>sese</span> <span class='ocrx_word' id='word_1_103' title='bbox 626 1514 783 1588; x_wconf 72' lang='lat' dir='ltr'>recipiunt.</span> <span class='ocrx_word' id='word_1_104' title='bbox 967 1563 971 1571; x_wconf 82' lang='lat'>.</span> 
     </span>
    </p>

    <p class='ocr_par' dir='ltr' id='par_1_4' title="bbox 176 1602 1229 1951">
     <span class='ocr_line' id='line_1_15' title="bbox 216 1602 1170 1682; baseline 0.001 -19"><span class='ocrx_word' id='word_1_105' title='bbox 216 1603 324 1664; x_wconf 83' lang='lat' dir='ltr'><strong>LXXI.</strong></span> <span class='ocrx_word' id='word_1_106' title='bbox 348 1603 581 1680; x_wconf 71' lang='lat' dir='ltr'>Vercingetorix,</span> <span class='ocrx_word' id='word_1_107' title='bbox 597 1603 766 1682; x_wconf 75' lang='lat' dir='ltr'>priusquam</span> <span class='ocrx_word' id='word_1_108' title='bbox 789 1602 964 1674; x_wconf 76' lang='lat' dir='ltr'>munitiones</span> <span class='ocrx_word' id='word_1_109' title='bbox 977 1603 1013 1660; x_wconf 84' lang='lat' dir='ltr'>ab</span> <span class='ocrx_word' id='word_1_110' title='bbox 1028 1603 1170 1666; x_wconf 80' lang='lat' dir='ltr'>Rontenis</span> 
     </span>
     <span class='ocr_line' id='line_1_16' title="bbox 176 1692 1220 1772; baseline -0.002 -20"><span class='ocrx_word' id='word_1_111' title='bbox 176 1695 372 1772; x_wconf 83' lang='lat' dir='ltr'>perficiantur,</span> <span class='ocrx_word' id='word_1_112' title='bbox 386 1693 541 1758; x_wconf 84' lang='lat' dir='ltr'>consilium</span> <span class='ocrx_word' id='word_1_113' title='bbox 563 1692 650 1768; x_wconf 80' lang='lat' dir='ltr'>oepit,</span> <span class='ocrx_word' id='word_1_114' title='bbox 665 1709 781 1750; x_wconf 85' lang='lat' dir='ltr'>emnem</span> <span class='ocrx_word' id='word_1_115' title='bbox 800 1692 837 1750; x_wconf 85' lang='lat' dir='ltr'>ab</span> <span class='ocrx_word' id='word_1_116' title='bbox 851 1711 882 1753; x_wconf 85' lang='lat' dir='ltr'>ea</span> <span class='ocrx_word' id='word_1_117' title='bbox 898 1694 1060 1768; x_wconf 82' lang='lat' dir='ltr'>equitatum</span> <span class='ocrx_word' id='word_1_118' title='bbox 1080 1704 1168 1754; x_wconf 83' lang='lat' dir='ltr'>noctu</span> <span class='ocrx_word' id='word_1_119' title='bbox 1183 1693 1220 1750; x_wconf 75' lang='lat' dir='ltr'>ib</span> 
     </span>
     <span class='ocr_line' id='line_1_17' title="bbox 176 1781 1167 1859; baseline 0 -17"><span class='ocrx_word' id='word_1_120' title='bbox 176 1784 328 1844; x_wconf 85' lang='lat' dir='ltr'>dimittere.</span> <span class='ocrx_word' id='word_1_121' title='bbox 371 1783 596 1842; x_wconf 79' lang='lat' dir='ltr'>Discedentibus</span> <span class='ocrx_word' id='word_1_122' title='bbox 613 1781 739 1852; x_wconf 87' lang='lat' dir='ltr'>mandat,</span> <span class='ocrx_word' id='word_1_123' title='bbox 760 1793 791 1840; x_wconf 91' lang='lat' dir='ltr'>ut</span> <span class='ocrx_word' id='word_1_124' title='bbox 812 1801 898 1840; x_wconf 86' lang='lat' dir='ltr'>suam</span> <span class='ocrx_word' id='word_1_125' title='bbox 917 1783 1042 1859; x_wconf 82' lang='lat' dir='ltr'>quisque</span> <span class='ocrx_word' id='word_1_126' title='bbox 1062 1803 1167 1842; x_wconf 85' lang='lat' dir='ltr'>eorum</span> 
     </span>
     <span class='ocr_line' id='line_1_18' title="bbox 176 1873 1229 1951; baseline 0.001 -19"><span class='ocrx_word' id='word_1_127' title='bbox 176 1875 323 1932; x_wconf 75' lang='lat' dir='ltr'>civitatem</span> <span class='ocrx_word' id='word_1_128' title='bbox 334 1874 427 1944; x_wconf 81' lang='lat' dir='ltr'>edent,</span> <span class='ocrx_word' id='word_1_129' title='bbox 436 1891 603 1949; x_wconf 83' lang='lat' dir='ltr'>omnesque,</span> <span class='ocrx_word' id='word_1_130' title='bbox 614 1873 665 1948; x_wconf 83' lang='lat' dir='ltr'>qui</span> <span class='ocrx_word' id='word_1_131' title='bbox 677 1883 860 1948; x_wconf 73' lang='lat' dir='ltr'>pernotatum</span> <span class='ocrx_word' id='word_1_132' title='bbox 872 1892 953 1933; x_wconf 85' lang='lat' dir='ltr'>artnu</span> <span class='ocrx_word' id='word_1_133' title='bbox 964 1873 1041 1932; x_wconf 79' lang='lat' dir='ltr'>ferre</span> <span class='ocrx_word' id='word_1_134' title='bbox 1050 1877 1167 1951; x_wconf 86' lang='lat' dir='ltr'>possint,</span> <span class='ocrx_word' id='word_1_135' title='bbox 1223 1907 1229 1918; x_wconf 60' lang='grc' dir='ltr'>ι</span> 
     </span>
    </p>
   </div>
   <div class='ocr_carea' id='block_1_3' title="bbox 10 1963 1168 2042">
    <p class='ocr_par' dir='ltr' id='par_1_5' title="bbox 10 1963 1168 2042">
     <span class='ocr_line' id='line_1_19' title="bbox 10 1963 1168 2042; baseline 0.001 -21"><span class='ocrx_word' id='word_1_136' title='bbox 10 1965 12 2010; x_wconf 79' lang='lat' dir='ltr'>l</span> <span class='ocrx_word' id='word_1_137' title='bbox 94 2011 98 2015; x_wconf 95' lang='lat'>.</span> <span class='ocrx_word' id='word_1_138' title='bbox 176 1964 212 2022; x_wconf 83' lang='lat' dir='ltr'>ud</span> <span class='ocrx_word' id='word_1_139' title='bbox 226 1965 333 2025; x_wconf 86' lang='lat' dir='ltr'>bellum</span> <span class='ocrx_word' id='word_1_140' title='bbox 348 1974 471 2042; x_wconf 85' lang='lat' dir='ltr'>cogent:</span> <span class='ocrx_word' id='word_1_141' title='bbox 493 1981 547 2022; x_wconf 83' lang='lat' dir='ltr'>sue</span> <span class='ocrx_word' id='word_1_142' title='bbox 567 1964 597 2020; x_wconf 89' lang='lat' dir='ltr'>iu</span> <span class='ocrx_word' id='word_1_143' title='bbox 616 1963 682 2020; x_wconf 87' lang='lat' dir='ltr'>illos</span> <span class='ocrx_word' id='word_1_144' title='bbox 702 1965 804 2030; x_wconf 82' lang='lat' dir='ltr'>merita</span> <span class='ocrx_word' id='word_1_145' title='bbox 825 1964 974 2040; x_wconf 72' lang='lat' dir='ltr'>proponit,</span> <span class='ocrx_word' id='word_1_146' title='bbox 997 1965 1168 2022; x_wconf 83' lang='lat' dir='ltr'>obtestetur-</span> 
     </span>
    </p>
   </div>
   <div class='ocr_carea' id='block_1_4' title="bbox 174 2053 1226 3993">
    <p class='ocr_par' dir='ltr' id='par_1_6' title="bbox 175 2053 1226 3204">
     <span class='ocr_line' id='line_1_20' title="bbox 175 2053 1168 2136; baseline 0.002 -24"><span class='ocrx_word' id='word_1_147' title='bbox 175 2073 241 2130; x_wconf 88' lang='lat' dir='ltr'>que,</span> <span class='ocrx_word' id='word_1_148' title='bbox 258 2063 290 2112; x_wconf 88' lang='grc' dir='ltr'>ιιι</span> <span class='ocrx_word' id='word_1_149' title='bbox 310 2073 381 2112; x_wconf 88' lang='lat' dir='ltr'>suae</span> <span class='ocrx_word' id='word_1_150' title='bbox 402 2053 505 2112; x_wconf 78' lang='lat' dir='ltr'>salutis</span> <span class='ocrx_word' id='word_1_151' title='bbox 525 2054 665 2113; x_wconf 85' lang='lat' dir='ltr'>rationem</span> <span class='ocrx_word' id='word_1_152' title='bbox 689 2053 821 2136; x_wconf 76' lang='lat' dir='ltr'>babeant,</span> <span class='ocrx_word' id='word_1_153' title='bbox 836 2073 894 2114; x_wconf 86' lang='lat' dir='ltr'>neu</span> <span class='ocrx_word' id='word_1_154' title='bbox 914 2073 956 2123; x_wconf 83' lang='lat' dir='ltr'>se,</span> <span class='ocrx_word' id='word_1_155' title='bbox 971 2055 1007 2111; x_wconf 88' lang='lat' dir='ltr'>de</span> <span class='ocrx_word' id='word_1_156' title='bbox 1021 2056 1168 2116; x_wconf 83' lang='lat' dir='ltr'>communi</span> 
     </span>
     <span class='ocr_line' id='line_1_21' title="bbox 175 2141 1226 2220; baseline 0.004 -20"><span class='ocrx_word' id='word_1_157' title='bbox 175 2143 306 2202; x_wconf 85' lang='lat' dir='ltr'>libertate</span> <span class='ocrx_word' id='word_1_158' title='bbox 317 2144 422 2220; x_wconf 88' lang='lat' dir='ltr'>optime</span> <span class='ocrx_word' id='word_1_159' title='bbox 437 2143 625 2212; x_wconf 74' lang='lat' dir='ltr'>maritumis</span> <span class='ocrx_word' id='word_1_160' title='bbox 639 2144 802 2202; x_wconf 84' lang='lat' dir='ltr'>cruciatum</span> <span class='ocrx_word' id='word_1_161' title='bbox 817 2143 943 2202; x_wconf 87' lang='lat' dir='ltr'>hostibus</span> <span class='ocrx_word' id='word_1_162' title='bbox 956 2143 1078 2202; x_wconf 78' lang='lat' dir='ltr'>dedunt:</span> <span class='ocrx_word' id='word_1_163' title='bbox 1093 2145 1168 2220; x_wconf 89' lang='lat' dir='ltr'>quod</span> <span class='ocrx_word' id='word_1_164' title='bbox 1181 2141 1226 2196; x_wconf 68' lang='lat'>2⁰</span> 
     </span>
     <span class='ocr_line' id='line_1_22' title="bbox 175 2231 1169 2308; baseline 0.002 -18"><span class='ocrx_word' id='word_1_165' title='bbox 175 2233 200 2290; x_wconf 88' lang='lat' dir='ltr'>si</span> <span class='ocrx_word' id='word_1_166' title='bbox 214 2232 441 2308; x_wconf 74' lang='lat' dir='ltr'>indiligentiores</span> <span class='ocrx_word' id='word_1_167' title='bbox 458 2232 575 2303; x_wconf 79' lang='lat' dir='ltr'>fuerint,</span> <span class='ocrx_word' id='word_1_168' title='bbox 592 2231 683 2291; x_wconf 84' lang='lat' dir='ltr'>millis</span> <span class='ocrx_word' id='word_1_169' title='bbox 703 2231 852 2291; x_wconf 89' lang='lat' dir='ltr'>bominum</span> <span class='ocrx_word' id='word_1_170' title='bbox 874 2232 987 2290; x_wconf 83' lang='lat' dir='ltr'>delectu</span> <span class='ocrx_word' id='word_1_171' title='bbox 1010 2251 1089 2292; x_wconf 74' lang='lat' dir='ltr'>cxxx</span> <span class='ocrx_word' id='word_1_172' title='bbox 1110 2252 1169 2292; x_wconf 86' lang='lat' dir='ltr'>nna</span> 
     </span>
     <span class='ocr_line' id='line_1_23' title="bbox 175 2319 1169 2390; baseline 0 -10"><span class='ocrx_word' id='word_1_173' title='bbox 175 2341 277 2382; x_wconf 84' lang='lat' dir='ltr'>secum</span> <span class='ocrx_word' id='word_1_174' title='bbox 301 2323 456 2383; x_wconf 85' lang='lat' dir='ltr'>interitura</span> <span class='ocrx_word' id='word_1_175' title='bbox 480 2323 673 2383; x_wconf 79' lang='lat' dir='ltr'>demonstret:</span> <span class='ocrx_word' id='word_1_176' title='bbox 699 2323 807 2380; x_wconf 75' lang='lat' dir='ltr'>ratione</span> <span class='ocrx_word' id='word_1_177' title='bbox 831 2321 911 2390; x_wconf 88' lang='lat' dir='ltr'>inite,</span> <span class='ocrx_word' id='word_1_178' title='bbox 937 2319 1114 2380; x_wconf 85' lang='lat' dir='ltr'>frumentum</span> <span class='ocrx_word' id='word_1_179' title='bbox 1137 2341 1169 2380; x_wconf 85' lang='lat' dir='ltr'>se</span> 
     </span>
     <span class='ocr_line' id='line_1_24' title="bbox 176 2409 1169 2488; baseline 0 -20"><span class='ocrx_word' id='word_1_180' title='bbox 176 2413 282 2488; x_wconf 77' lang='lat' dir='ltr'>exigue</span> <span class='ocrx_word' id='word_1_181' title='bbox 307 2409 421 2471; x_wconf 78' lang='lat' dir='ltr'>dierum</span> <span class='ocrx_word' id='word_1_182' title='bbox 441 2427 502 2471; x_wconf 77' lang='lat' dir='ltr'>xxx</span> <span class='ocrx_word' id='word_1_183' title='bbox 516 2409 632 2480; x_wconf 83' lang='lat' dir='ltr'>hebere,</span> <span class='ocrx_word' id='word_1_184' title='bbox 646 2410 697 2467; x_wconf 86' lang='lat' dir='ltr'>sed</span> <span class='ocrx_word' id='word_1_185' title='bbox 717 2409 804 2484; x_wconf 83' lang='lat' dir='ltr'>paulo</span> <span class='ocrx_word' id='word_1_186' title='bbox 818 2411 905 2469; x_wconf 77' lang='lat' dir='ltr'>etiem</span> <span class='ocrx_word' id='word_1_187' title='bbox 918 2409 1033 2484; x_wconf 80' lang='lat' dir='ltr'>longius</span> <span class='ocrx_word' id='word_1_188' title='bbox 1046 2411 1169 2470; x_wconf 79' lang='lat' dir='ltr'>tolerare</span> 
     </span>
     <span class='ocr_line' id='line_1_25' title="bbox 175 2499 1172 2578; baseline -0.002 -18"><span class='ocrx_word' id='word_1_189' title='bbox 175 2519 258 2577; x_wconf 82' lang='lat' dir='ltr'>posse</span> <span class='ocrx_word' id='word_1_190' title='bbox 273 2499 425 2578; x_wconf 73' lang='lat' dir='ltr'>parcendo.</span> <span class='ocrx_word' id='word_1_191' title='bbox 467 2500 523 2561; x_wconf 89' lang='lat' dir='ltr'>His</span> <span class='ocrx_word' id='word_1_192' title='bbox 543 2500 617 2558; x_wconf 84' lang='lat' dir='ltr'>detis</span> <span class='ocrx_word' id='word_1_193' title='bbox 626 2541 629 2546; x_wconf 87' lang='lat'><em>-</em></span> <span class='ocrx_word' id='word_1_194' title='bbox 638 2499 789 2568; x_wconf 82' lang='lat' dir='ltr'>mandetis,</span> <span class='ocrx_word' id='word_1_195' title='bbox 804 2516 863 2573; x_wconf 85' lang='lat' dir='ltr'>qua</span> <span class='ocrx_word' id='word_1_196' title='bbox 876 2507 939 2554; x_wconf 78' lang='lat' dir='ltr'>eret</span> <span class='ocrx_word' id='word_1_197' title='bbox 953 2507 1083 2556; x_wconf 85' lang='lat' dir='ltr'>nostrum</span> <span class='ocrx_word' id='word_1_198' title='bbox 1098 2517 1172 2574; x_wconf 86' lang='grc' dir='ltr'>σριιε</span> 
     </span>
     <span class='ocr_line' id='line_1_26' title="bbox 175 2583 1222 2666; baseline 0 -19"><span class='ocrx_word' id='word_1_199' title='bbox 175 2591 382 2659; x_wconf 88' lang='lat' dir='ltr'>intermissum,</span> <span class='ocrx_word' id='word_1_200' title='bbox 397 2590 526 2651; x_wconf 72' lang='lat' dir='ltr'>muunda</span> <span class='ocrx_word' id='word_1_201' title='bbox 541 2590 643 2666; x_wconf 83' lang='lat' dir='ltr'>vigilia</span> <span class='ocrx_word' id='word_1_202' title='bbox 656 2588 769 2647; x_wconf 81' lang='lat' dir='ltr'>silentio</span> <span class='ocrx_word' id='word_1_203' title='bbox 783 2587 945 2664; x_wconf 76' lang='lat' dir='ltr'>equitatum</span> <span class='ocrx_word' id='word_1_204' title='bbox 957 2585 1087 2644; x_wconf 87' lang='lat' dir='ltr'>dimittit:</span> <span class='ocrx_word' id='word_1_205' title='bbox 1111 2583 1168 2646; x_wconf 83' lang='lat' dir='ltr'>lru-</span> <span class='ocrx_word' id='word_1_206' title='bbox 1183 2591 1222 2646; x_wconf 72' lang='lat'>25</span> 
     </span>
     <span class='ocr_line' id='line_1_27' title="bbox 176 2676 1159 2756; baseline -0.001 -18"><span class='ocrx_word' id='word_1_207' title='bbox 176 2691 305 2741; x_wconf 84' lang='lat' dir='ltr'>mentum</span> <span class='ocrx_word' id='word_1_208' title='bbox 319 2699 404 2741; x_wconf 91' lang='lat' dir='ltr'>omne</span> <span class='ocrx_word' id='word_1_209' title='bbox 418 2680 454 2738; x_wconf 89' lang='lat' dir='ltr'>ad</span> <span class='ocrx_word' id='word_1_210' title='bbox 468 2699 500 2739; x_wconf 83' lang='lat' dir='ltr'>se</span> <span class='ocrx_word' id='word_1_211' title='bbox 514 2679 699 2756; x_wconf 76' lang='lat' dir='ltr'>ferrljubet3</span> <span class='ocrx_word' id='word_1_212' title='bbox 721 2678 824 2754; x_wconf 84' lang='lat' dir='ltr'>capitis</span> <span class='ocrx_word' id='word_1_213' title='bbox 834 2689 958 2754; x_wconf 80' lang='lat' dir='ltr'>poenam</span> <span class='ocrx_word' id='word_1_214' title='bbox 972 2676 1017 2744; x_wconf 90' lang='lat' dir='ltr'>iis,</span> <span class='ocrx_word' id='word_1_215' title='bbox 1031 2677 1082 2752; x_wconf 91' lang='lat' dir='ltr'>qui</span> <span class='ocrx_word' id='word_1_216' title='bbox 1101 2695 1159 2737; x_wconf 86' lang='lat' dir='ltr'>non</span> 
     </span>
     <span class='ocr_line' id='line_1_28' title="bbox 175 2764 1171 2846; baseline -0.002 -19"><span class='ocrx_word' id='word_1_217' title='bbox 175 2771 335 2846; x_wconf 80' lang='lat' dir='ltr'>paruerint,</span> <span class='ocrx_word' id='word_1_218' title='bbox 350 2770 514 2828; x_wconf 83' lang='lat' dir='ltr'>constitnit:</span> <span class='ocrx_word' id='word_1_219' title='bbox 535 2787 635 2844; x_wconf 90' lang='lat' dir='ltr'>pecus,</span> <span class='ocrx_word' id='word_1_220' title='bbox 650 2769 738 2844; x_wconf 83' lang='lat' dir='ltr'>cujus</span> <span class='ocrx_word' id='word_1_221' title='bbox 756 2785 862 2844; x_wconf 77' lang='lat' dir='ltr'>mogus</span> <span class='ocrx_word' id='word_1_222' title='bbox 876 2775 940 2824; x_wconf 84' lang='lat' dir='ltr'>erat</span> <span class='ocrx_word' id='word_1_223' title='bbox 955 2766 990 2822; x_wconf 82' lang='lat' dir='ltr'>eb</span> <span class='ocrx_word' id='word_1_224' title='bbox 1006 2764 1171 2826; x_wconf 86' lang='lat' dir='ltr'>Mandubiis</span> 
     </span>
     <span class='ocr_line' id='line_1_29' title="bbox 175 2856 1171 2936; baseline 0 -18"><span class='ocrx_word' id='word_1_225' title='bbox 175 2859 325 2935; x_wconf 88' lang='lat' dir='ltr'>compulsa</span> <span class='ocrx_word' id='word_1_226' title='bbox 338 2859 431 2936; x_wconf 83' lang='lat' dir='ltr'>copia,</span> <span class='ocrx_word' id='word_1_227' title='bbox 446 2859 555 2916; x_wconf 86' lang='lat' dir='ltr'>viritim</span> <span class='ocrx_word' id='word_1_228' title='bbox 575 2858 738 2930; x_wconf 83' lang='lat' dir='ltr'>distribuit;</span> <span class='ocrx_word' id='word_1_229' title='bbox 762 2856 939 2916; x_wconf 77' lang='lat' dir='ltr'>frumentum</span> <span class='ocrx_word' id='word_1_230' title='bbox 957 2872 1046 2933; x_wconf 80' lang='lat' dir='ltr'>perce</span> <span class='ocrx_word' id='word_1_231' title='bbox 1057 2868 1087 2914; x_wconf 88' lang='lat' dir='ltr'>et</span> <span class='ocrx_word' id='word_1_232' title='bbox 1100 2857 1171 2936; x_wconf 81' lang='lat' dir='ltr'>ped·</span> 
     </span>
     <span class='ocr_line' id='line_1_30' title="bbox 175 2945 1169 3024; baseline 0.005 -20"><span class='ocrx_word' id='word_1_233' title='bbox 175 2947 258 3006; x_wconf 80' lang='lat' dir='ltr'>latim</span> <span class='ocrx_word' id='word_1_234' title='bbox 272 2948 366 3006; x_wconf 86' lang='lat' dir='ltr'>metiri</span> <span class='ocrx_word' id='word_1_235' title='bbox 380 2949 521 3018; x_wconf 81' lang='lat' dir='ltr'>instituit3</span> <span class='ocrx_word' id='word_1_236' title='bbox 544 2949 642 3024; x_wconf 82' lang='lat' dir='ltr'>copies</span> <span class='ocrx_word' id='word_1_237' title='bbox 656 2967 766 3018; x_wconf 84' lang='lat' dir='ltr'>omnes,</span> <span class='ocrx_word' id='word_1_238' title='bbox 781 2965 856 3023; x_wconf 84' lang='lat' dir='ltr'>quas</span> <span class='ocrx_word' id='word_1_239' title='bbox 869 2963 920 3022; x_wconf 84' lang='grc' dir='ltr'>ριο</span> <span class='ocrx_word' id='word_1_240' title='bbox 933 2945 1034 3023; x_wconf 88' lang='lat' dir='ltr'>oppido</span> <span class='ocrx_word' id='word_1_241' title='bbox 1048 2947 1169 3010; x_wconf 72' lang='lat' dir='ltr'>colloca·</span> 
     </span>
     <span class='ocr_line' id='line_1_31' title="bbox 176 3035 1222 3114; baseline 0.002 -20"><span class='ocrx_word' id='word_1_242' title='bbox 176 3047 267 3107; x_wconf 81' lang='lat' dir='ltr'>vernt,</span> <span class='ocrx_word' id='word_1_243' title='bbox 293 3037 323 3100; x_wconf 84' lang='lat' dir='ltr'>in</span> <span class='ocrx_word' id='word_1_244' title='bbox 347 3037 484 3114; x_wconf 87' lang='lat' dir='ltr'>oppidum</span> <span class='ocrx_word' id='word_1_245' title='bbox 509 3038 621 3114; x_wconf 86' lang='lat' dir='ltr'>recipit.</span> <span class='ocrx_word' id='word_1_246' title='bbox 663 3035 726 3096; x_wconf 85' lang='lat' dir='ltr'>His·</span> <span class='ocrx_word' id='word_1_247' title='bbox 743 3037 903 3097; x_wconf 85' lang='lat' dir='ltr'>rationibns</span> <span class='ocrx_word' id='word_1_248' title='bbox 923 3039 1033 3096; x_wconf 79' lang='lat' dir='ltr'>auxilia</span> <span class='ocrx_word' id='word_1_249' title='bbox 1054 3038 1169 3098; x_wconf 78' lang='lat' dir='ltr'>Galliae</span> <span class='ocrx_word' id='word_1_250' title='bbox 1183 3041 1222 3096; x_wconf 76' lang='lat'>8⁰</span> 
     </span>
     <span class='ocr_line' id='line_1_32' title="bbox 175 3126 832 3204; baseline -0.006 -18"><span class='ocrx_word' id='word_1_251' title='bbox 175 3135 345 3204; x_wconf 74' lang='lat' dir='ltr'>exspectare</span> <span class='ocrx_word' id='word_1_252' title='bbox 358 3137 387 3184; x_wconf 89' lang='lat' dir='ltr'>et</span> <span class='ocrx_word' id='word_1_253' title='bbox 401 3127 510 3204; x_wconf 87' lang='lat' dir='ltr'>bellum</span> <span class='ocrx_word' id='word_1_254' title='bbox 525 3126 725 3187; x_wconf 78' lang='lat' dir='ltr'>administrare</span> <span class='ocrx_word' id='word_1_255' title='bbox 740 3137 832 3203; x_wconf 85' lang='lat' dir='ltr'>perat.</span> 
     </span>
    </p>

    <p class='ocr_par' dir='ltr' id='par_1_7' title="bbox 174 3213 1223 3904">
     <span class='ocr_line' id='line_1_33' title="bbox 215 3213 1168 3296; baseline 0.002 -22"><span class='ocrx_word' id='word_1_256' title='bbox 215 3213 339 3277; x_wconf 85' lang='lat' dir='ltr'>LXXII.</span> <span class='ocrx_word' id='word_1_257' title='bbox 362 3215 479 3282; x_wconf 85' lang='lat' dir='ltr'>Quibus</span> <span class='ocrx_word' id='word_1_258' title='bbox 506 3215 593 3272; x_wconf 86' lang='lat' dir='ltr'>rebus</span> <span class='ocrx_word' id='word_1_259' title='bbox 617 3229 653 3272; x_wconf 82' lang='lat' dir='ltr'>ex</span> <span class='ocrx_word' id='word_1_260' title='bbox 682 3213 810 3292; x_wconf 85' lang='lat' dir='ltr'>perfugis</span> <span class='ocrx_word' id='word_1_261' title='bbox 830 3226 860 3273; x_wconf 89' lang='lat' dir='ltr'>et</span> <span class='ocrx_word' id='word_1_262' title='bbox 883 3218 1006 3296; x_wconf 76' lang='grc' dir='ltr'>σεριιιίε</span> <span class='ocrx_word' id='word_1_263' title='bbox 1034 3220 1168 3296; x_wconf 82' lang='lat' dir='ltr'>cognitis,</span> 
     </span>
     <span class='ocr_line' id='line_1_34' title="bbox 174 3303 1170 3387; baseline 0 -23"><span class='ocrx_word' id='word_1_264' title='bbox 174 3305 284 3364; x_wconf 78' lang='lat' dir='ltr'>Caesar</span> <span class='ocrx_word' id='word_1_265' title='bbox 296 3306 370 3364; x_wconf 75' lang='lat' dir='ltr'>hoec</span> <span class='ocrx_word' id='word_1_266' title='bbox 383 3323 492 3387; x_wconf 81' lang='lat' dir='ltr'>genera</span> <span class='ocrx_word' id='word_1_267' title='bbox 513 3304 685 3363; x_wconf 84' lang='lat' dir='ltr'>munitionis</span> <span class='ocrx_word' id='word_1_268' title='bbox 694 3304 826 3364; x_wconf 81' lang='lat' dir='ltr'>instituit.</span> <span class='ocrx_word' id='word_1_269' title='bbox 869 3305 988 3366; x_wconf 85' lang='lat' dir='ltr'>Fossam</span> <span class='ocrx_word' id='word_1_270' title='bbox 1004 3308 1108 3382; x_wconf 86' lang='lat' dir='ltr'>pedum</span> <span class='ocrx_word' id='word_1_271' title='bbox 1129 3303 1170 3365; x_wconf 71' lang='lat' dir='ltr'>xx&#39;</span> 
     </span>
     <span class='ocr_line' id='line_1_35' title="bbox 175 3391 1169 3472; baseline 0 -22"><span class='ocrx_word' id='word_1_272' title='bbox 175 3393 293 3450; x_wconf 82' lang='lat' dir='ltr'>directis</span> <span class='ocrx_word' id='word_1_273' title='bbox 316 3394 455 3452; x_wconf 84' lang='lat' dir='ltr'>lateribus</span> <span class='ocrx_word' id='word_1_274' title='bbox 479 3393 570 3462; x_wconf 86' lang='lat' dir='ltr'>duxit,</span> <span class='ocrx_word' id='word_1_275' title='bbox 596 3403 638 3450; x_wconf 68' lang='lat' dir='ltr'>nt¹</span> <span class='ocrx_word' id='word_1_276' title='bbox 652 3394 716 3468; x_wconf 87' lang='lat' dir='ltr'>ejus</span> <span class='ocrx_word' id='word_1_277' title='bbox 739 3394 834 3452; x_wconf 84' lang='lat' dir='ltr'>solnm</span> <span class='ocrx_word' id='word_1_278' title='bbox 857 3391 1026 3466; x_wconf 75' lang='lat' dir='ltr'>tantundem</span> <span class='ocrx_word' id='word_1_279' title='bbox 1051 3405 1169 3472; x_wconf 81' lang='lat' dir='ltr'>peteret,</span> 
     </span>
     <span class='ocr_line' id='line_1_36' title="bbox 174 3479 1223 3564; baseline -0.003 -24"><span class='ocrx_word' id='word_1_280' title='bbox 174 3492 317 3560; x_wconf 83' lang='lat' dir='ltr'>quantum</span> <span class='ocrx_word' id='word_1_281' title='bbox 328 3501 442 3542; x_wconf 82' lang='lat' dir='ltr'>summa</span> <span class='ocrx_word' id='word_1_282' title='bbox 453 3484 535 3543; x_wconf 85' lang='lat' dir='ltr'>labra</span> <span class='ocrx_word' id='word_1_283' title='bbox 546 3483 698 3564; x_wconf 81' lang='lat' dir='ltr'>distabant.</span> <span class='ocrx_word' id='word_1_284' title='bbox 735 3483 877 3558; x_wconf 85' lang='lat' dir='ltr'>Reliquas</span> <span class='ocrx_word' id='word_1_285' title='bbox 886 3501 986 3542; x_wconf 87' lang='lat' dir='ltr'>omnes</span> <span class='ocrx_word' id='word_1_286' title='bbox 998 3483 1170 3538; x_wconf 85' lang='lat' dir='ltr'>munitiones</span> <span class='ocrx_word' id='word_1_287' title='bbox 1183 3479 1223 3536; x_wconf 79' lang='lat' dir='ltr'>en</span> 
     </span>
     <span class='ocr_line' id='line_1_37' title="bbox 176 3559 1170 3648; baseline -0.003 -19"><span class='ocrx_word' id='word_1_288' title='bbox 176 3572 214 3630; x_wconf 83' lang='lat' dir='ltr'>sb</span> <span class='ocrx_word' id='word_1_289' title='bbox 237 3573 279 3630; x_wconf 85' lang='lat' dir='ltr'>ea&#39;</span> <span class='ocrx_word' id='word_1_290' title='bbox 296 3571 372 3632; x_wconf 74' lang='lat' dir='ltr'>fosse</span> <span class='ocrx_word' id='word_1_291' title='bbox 397 3592 498 3648; x_wconf 84' lang='lat' dir='ltr'>pessus</span> <span class='ocrx_word' id='word_1_292' title='bbox 522 3591 558 3630; x_wconf 86' lang='lat' dir='ltr'>cn</span> <span class='ocrx_word' id='word_1_293' title='bbox 584 3571 715 3636; x_wconf 86' lang='lat' dir='ltr'>reduxit:</span> <span class='ocrx_word' id='word_1_294' title='bbox 737 3571 766 3628; x_wconf 92' lang='lat' dir='ltr'>id</span> <span class='ocrx_word' id='word_1_295' title='bbox 791 3559 848 3630; x_wconf 80' lang='lat' dir='ltr'>lroc</span> <span class='ocrx_word' id='word_1_296' title='bbox 870 3571 999 3636; x_wconf 67' lang='lat' dir='ltr'>connlio,</span> <span class='ocrx_word' id='word_1_297' title='bbox 1020 3569 1170 3642; x_wconf 67' lang='lat' dir='ltr'>tquonism</span> 
     </span>
     <span class='ocr_line' id='line_1_38' title="bbox 175 3656 1170 3738; baseline -0.004 -20"><span class='ocrx_word' id='word_1_298' title='bbox 175 3671 288 3720; x_wconf 87' lang='lat' dir='ltr'>tantum</span> <span class='ocrx_word' id='word_1_299' title='bbox 302 3671 379 3720; x_wconf 81' lang='lat' dir='ltr'>esset</span> <span class='ocrx_word' id='word_1_300' title='bbox 392 3663 556 3722; x_wconf 80' lang='lat' dir='ltr'>necessario</span> <span class='ocrx_word' id='word_1_301' title='bbox 569 3663 692 3738; x_wconf 83' lang='lat' dir='ltr'>spatium</span> <span class='ocrx_word' id='word_1_302' title='bbox 715 3660 895 3734; x_wconf 76' lang='lat' dir='ltr'>complexus,</span> <span class='ocrx_word' id='word_1_303' title='bbox 910 3677 964 3714; x_wconf 86' lang='lat' dir='ltr'>nec</span> <span class='ocrx_word' id='word_1_304' title='bbox 980 3656 1066 3712; x_wconf 80' lang='lat' dir='ltr'>facile</span> <span class='ocrx_word' id='word_1_305' title='bbox 1080 3665 1170 3714; x_wconf 88' lang='lat' dir='ltr'>totum</span> 
     </span>
     <span class='ocr_line' id='line_1_39' title="bbox 175 3745 1171 3838; baseline -0.005 -31"><span class='ocrx_word' id='word_1_306' title='bbox 175 3768 272 3838; x_wconf 89' lang='grc' dir='ltr'>σρει</span> <span class='ocrx_word' id='word_1_307' title='bbox 264 3751 389 3811; x_wconf 87' lang='lat' dir='ltr'>militum</span> <span class='ocrx_word' id='word_1_308' title='bbox 402 3769 508 3824; x_wconf 75' lang='lat' dir='ltr'>corone</span> <span class='ocrx_word' id='word_1_309' title='bbox 522 3749 712 3831; x_wconf 81' lang='lat' dir='ltr'>cingeretur,)</span> <span class='ocrx_word' id='word_1_310' title='bbox 734 3767 770 3804; x_wconf 89' lang='lat' dir='ltr'>ne</span> <span class='ocrx_word' id='word_1_311' title='bbox 785 3747 850 3804; x_wconf 83' lang='lat' dir='ltr'>de</span> <span class='ocrx_word' id='word_1_312' title='bbox 842 3745 996 3820; x_wconf 76' lang='lat' dir='ltr'>improviso</span> <span class='ocrx_word' id='word_1_313' title='bbox 1015 3753 1065 3800; x_wconf 85' lang='lat' dir='ltr'>aut</span> <span class='ocrx_word' id='word_1_314' title='bbox 1083 3754 1171 3804; x_wconf 88' lang='lat' dir='ltr'>noctu</span> 
     </span>
     <span class='ocr_line' id='line_1_40' title="bbox 177 3831 1171 3910; baseline -0.003 -14"><span class='ocrx_word' id='word_1_315' title='bbox 177 3837 214 3904; x_wconf 80' lang='lat' dir='ltr'>ad</span> <span class='ocrx_word' id='word_1_316' title='bbox 228 3839 402 3898; x_wconf 82' lang='lat' dir='ltr'>munitiones</span> <span class='ocrx_word' id='word_1_317' title='bbox 416 3839 539 3902; x_wconf 77' lang='lat' dir='ltr'>bostium</span> <span class='ocrx_word' id='word_1_318' title='bbox 554 3839 708 3910; x_wconf 83' lang='lat' dir='ltr'>multitudo</span> <span class='ocrx_word' id='word_1_319' title='bbox 722 3835 887 3904; x_wconf 57' lang='lat' dir='ltr'>advolarem</span> <span class='ocrx_word' id='word_1_320' title='bbox 910 3842 960 3891; x_wconf 88' lang='lat' dir='ltr'>aut</span> <span class='ocrx_word' id='word_1_321' title='bbox 974 3831 1098 3892; x_wconf 88' lang='lat' dir='ltr'>interdiu</span> <span class='ocrx_word' id='word_1_322' title='bbox 1112 3833 1171 3892; x_wconf 74' lang='lat' dir='ltr'>tels</span> 
     </span>
    </p>

    <p class='ocr_par' dir='ltr' id='par_1_8' title="bbox 654 3927 1219 3993">
     <span class='ocr_line' id='line_1_41' title="bbox 654 3927 1219 3993; baseline -0.004 -9"><span class='ocrx_word' id='word_1_323' title='bbox 654 3927 706 3984; x_wconf 79' lang='lat'>14*</span> <span class='ocrx_word' id='word_1_324' title='bbox 775 3984 778 3993; x_wconf 65' lang='grc'><strong>,</strong></span> <span class='ocrx_word' id='word_1_325' title='bbox 1215 3931 1219 3937; x_wconf 81' lang='grc'><strong>’</strong></span> 
     </span>
    </p>
   </div>
   <div class='ocr_carea' id='block_1_5' title="bbox 0 0 1422 4336">
    <p class='ocr_par' dir='ltr' id='par_1_9' title="bbox 0 0 1422 4336">
     <span class='ocr_line' id='line_1_42' title="bbox 0 0 1422 4336; baseline 0 0"><span class='ocrx_word' id='word_1_326' title='bbox 0 0 1422 4336; x_wconf 95' lang='lat' dir='ltr'> </span> 
     </span>
    </p>
   </div>
  </div>
 </body>
</html>
